%YAML 1.1
%TAG !u! tag:unity3d.com,2011:
--- !u!1 &654499579754608601
GameObject:
  m_ObjectHideFlags: 0
  m_CorrespondingSourceObject: {fileID: 0}
  m_PrefabInstance: {fileID: 0}
  m_PrefabAsset: {fileID: 0}
  serializedVersion: 6
  m_Component:
  - component: {fileID: 8645970703445563320}
  - component: {fileID: 5009250701183786286}
  m_Layer: 0
  m_Name: 2DShipsTurretSmallTopView (1)
  m_TagString: Untagged
  m_Icon: {fileID: 0}
  m_NavMeshLayer: 0
  m_StaticEditorFlags: 0
  m_IsActive: 1
--- !u!4 &8645970703445563320
Transform:
  m_ObjectHideFlags: 0
  m_CorrespondingSourceObject: {fileID: 0}
  m_PrefabInstance: {fileID: 0}
  m_PrefabAsset: {fileID: 0}
  m_GameObject: {fileID: 654499579754608601}
  serializedVersion: 2
  m_LocalRotation: {x: -0, y: -0, z: -0, w: 1}
  m_LocalPosition: {x: 0, y: 1.3, z: 0}
  m_LocalScale: {x: 0.5, y: 0.5, z: 0.5}
  m_ConstrainProportionsScale: 0
  m_Children: []
  m_Father: {fileID: 9101760831303936765}
  m_LocalEulerAnglesHint: {x: 0, y: 0, z: 0}
--- !u!212 &5009250701183786286
SpriteRenderer:
  m_ObjectHideFlags: 0
  m_CorrespondingSourceObject: {fileID: 0}
  m_PrefabInstance: {fileID: 0}
  m_PrefabAsset: {fileID: 0}
  m_GameObject: {fileID: 654499579754608601}
  m_Enabled: 1
  m_CastShadows: 0
  m_ReceiveShadows: 0
  m_DynamicOccludee: 1
  m_StaticShadowCaster: 0
  m_MotionVectors: 1
  m_LightProbeUsage: 1
  m_ReflectionProbeUsage: 1
  m_RayTracingMode: 0
  m_RayTraceProcedural: 0
  m_RenderingLayerMask: 4294967295
  m_RendererPriority: 0
  m_Materials:
  - {fileID: 10754, guid: 0000000000000000f000000000000000, type: 0}
  m_StaticBatchInfo:
    firstSubMesh: 0
    subMeshCount: 0
  m_StaticBatchRoot: {fileID: 0}
  m_ProbeAnchor: {fileID: 0}
  m_LightProbeVolumeOverride: {fileID: 0}
  m_ScaleInLightmap: 1
  m_ReceiveGI: 1
  m_PreserveUVs: 0
  m_IgnoreNormalsForChartDetection: 0
  m_ImportantGI: 0
  m_StitchLightmapSeams: 0
  m_SelectedEditorRenderState: 0
  m_MinimumChartSize: 4
  m_AutoUVMaxDistance: 0.5
  m_AutoUVMaxAngle: 89
  m_LightmapParameters: {fileID: 0}
  m_SortingLayerID: 259102323
  m_SortingLayer: 0
  m_SortingOrder: 1
  m_Sprite: {fileID: 21300004, guid: ea47199b715e6c047909c1486562c340, type: 3}
  m_Color: {r: 1, g: 1, b: 1, a: 1}
  m_FlipX: 0
  m_FlipY: 0
  m_DrawMode: 0
  m_Size: {x: 0.62, y: 1.32}
  m_AdaptiveModeThreshold: 0.5
  m_SpriteTileMode: 0
  m_WasSpriteAssigned: 1
  m_MaskInteraction: 0
  m_SpriteSortPoint: 0
--- !u!1 &758087586878200900
GameObject:
  m_ObjectHideFlags: 0
  m_CorrespondingSourceObject: {fileID: 0}
  m_PrefabInstance: {fileID: 0}
  m_PrefabAsset: {fileID: 0}
  serializedVersion: 6
  m_Component:
  - component: {fileID: 2766141104995453451}
  - component: {fileID: 5322291521152665267}
  - component: {fileID: 3011470625732394932}
  m_Layer: 0
  m_Name: 2DScifiFrigateCorsairTopViewGrey
  m_TagString: Untagged
  m_Icon: {fileID: 0}
  m_NavMeshLayer: 0
  m_StaticEditorFlags: 0
  m_IsActive: 0
--- !u!4 &2766141104995453451
Transform:
  m_ObjectHideFlags: 0
  m_CorrespondingSourceObject: {fileID: 0}
  m_PrefabInstance: {fileID: 0}
  m_PrefabAsset: {fileID: 0}
  m_GameObject: {fileID: 758087586878200900}
  serializedVersion: 2
  m_LocalRotation: {x: -0, y: -0, z: -0, w: 1}
  m_LocalPosition: {x: 0, y: 0, z: 0}
  m_LocalScale: {x: 1, y: 1, z: 1}
  m_ConstrainProportionsScale: 0
  m_Children: []
  m_Father: {fileID: 2906260405829512196}
  m_LocalEulerAnglesHint: {x: 0, y: 0, z: 0}
--- !u!212 &5322291521152665267
SpriteRenderer:
  m_ObjectHideFlags: 0
  m_CorrespondingSourceObject: {fileID: 0}
  m_PrefabInstance: {fileID: 0}
  m_PrefabAsset: {fileID: 0}
  m_GameObject: {fileID: 758087586878200900}
  m_Enabled: 1
  m_CastShadows: 0
  m_ReceiveShadows: 0
  m_DynamicOccludee: 1
  m_StaticShadowCaster: 0
  m_MotionVectors: 1
  m_LightProbeUsage: 1
  m_ReflectionProbeUsage: 1
  m_RayTracingMode: 0
  m_RayTraceProcedural: 0
  m_RenderingLayerMask: 4294967295
  m_RendererPriority: 0
  m_Materials:
  - {fileID: 10754, guid: 0000000000000000f000000000000000, type: 0}
  m_StaticBatchInfo:
    firstSubMesh: 0
    subMeshCount: 0
  m_StaticBatchRoot: {fileID: 0}
  m_ProbeAnchor: {fileID: 0}
  m_LightProbeVolumeOverride: {fileID: 0}
  m_ScaleInLightmap: 1
  m_ReceiveGI: 1
  m_PreserveUVs: 0
  m_IgnoreNormalsForChartDetection: 0
  m_ImportantGI: 0
  m_StitchLightmapSeams: 0
  m_SelectedEditorRenderState: 0
  m_MinimumChartSize: 4
  m_AutoUVMaxDistance: 0.5
  m_AutoUVMaxAngle: 89
  m_LightmapParameters: {fileID: 0}
  m_SortingLayerID: -103832621
  m_SortingLayer: 0
  m_SortingOrder: 1
  m_Sprite: {fileID: 21300002, guid: 351168d0237ac154c8bdbd459fd3eaad, type: 3}
  m_Color: {r: 1, g: 1, b: 1, a: 1}
  m_FlipX: 0
  m_FlipY: 0
  m_DrawMode: 0
  m_Size: {x: 6.57, y: 11.34}
  m_AdaptiveModeThreshold: 0.5
  m_SpriteTileMode: 0
  m_WasSpriteAssigned: 1
  m_MaskInteraction: 0
  m_SpriteSortPoint: 0
--- !u!60 &3011470625732394932
PolygonCollider2D:
  m_ObjectHideFlags: 0
  m_CorrespondingSourceObject: {fileID: 0}
  m_PrefabInstance: {fileID: 0}
  m_PrefabAsset: {fileID: 0}
  m_GameObject: {fileID: 758087586878200900}
  m_Enabled: 1
  m_Density: 1
  m_Material: {fileID: 0}
  m_IncludeLayers:
    serializedVersion: 2
    m_Bits: 0
  m_ExcludeLayers:
    serializedVersion: 2
    m_Bits: 0
  m_LayerOverridePriority: 0
  m_ForceSendLayers:
    serializedVersion: 2
    m_Bits: 4294967295
  m_ForceReceiveLayers:
    serializedVersion: 2
    m_Bits: 4294967295
  m_ContactCaptureLayers:
    serializedVersion: 2
    m_Bits: 4294967295
  m_CallbackLayers:
    serializedVersion: 2
    m_Bits: 4294967295
  m_IsTrigger: 0
  m_UsedByEffector: 0
  m_UsedByComposite: 0
  m_Offset: {x: 0, y: 0}
  m_SpriteTilingProperty:
    border: {x: 0, y: 0, z: 0, w: 0}
    pivot: {x: 0.5, y: 0.5}
    oldSize: {x: 6.57, y: 11.34}
    newSize: {x: 6.57, y: 11.34}
    adaptiveTilingThreshold: 0.5
    drawMode: 0
    adaptiveTiling: 0
  m_AutoTiling: 0
  m_Points:
    m_Paths:
    - - {x: -1.415, y: -5.38}
      - {x: -1.4449999, y: -5.42}
      - {x: -1.4449999, y: -5.67}
      - {x: -0.955, y: -5.67}
      - {x: -0.935, y: -5.58}
      - {x: -0.905, y: -5.3599997}
      - {x: -0.905, y: -4.87}
      - {x: -0.84499997, y: -4.8199997}
      - {x: -0.835, y: -4.7}
      - {x: -0.295, y: -4.68}
      - {x: -0.295, y: -4.92}
      - {x: -0.21499999, y: -5.06}
      - {x: -0.16499999, y: -5.1099997}
      - {x: 0.185, y: -5.12}
      - {x: 0.305, y: -4.93}
      - {x: 0.295, y: -4.67}
      - {x: 0.875, y: -4.67}
      - {x: 0.85499996, y: -4.69}
      - {x: 0.85499996, y: -4.8199997}
      - {x: 0.91499996, y: -4.89}
      - {x: 0.905, y: -5.3199997}
      - {x: 0.92499995, y: -5.5499997}
      - {x: 0.945, y: -5.65}
      - {x: 0.965, y: -5.67}
      - {x: 1.4549999, y: -5.67}
      - {x: 1.4549999, y: -5.42}
      - {x: 1.685, y: -5.3399997}
      - {x: 1.5949999, y: -5.44}
      - {x: 1.5949999, y: -5.67}
      - {x: 2.225, y: -5.67}
      - {x: 2.2649999, y: -5.49}
      - {x: 2.2649999, y: -5.23}
      - {x: 2.2949998, y: -5.22}
      - {x: 2.315, y: -5.2}
      - {x: 2.325, y: -5.0899997}
      - {x: 2.2749999, y: -5.0699997}
      - {x: 2.315, y: -4.92}
      - {x: 2.325, y: -4.7999997}
      - {x: 2.2749999, y: -4.7799997}
      - {x: 2.315, y: -4.64}
      - {x: 2.325, y: -4.52}
      - {x: 2.455, y: -4.47}
      - {x: 2.495, y: -4.44}
      - {x: 2.485, y: -4.06}
      - {x: 2.375, y: -4.0299997}
      - {x: 2.325, y: -3.9599998}
      - {x: 2.2749999, y: -3.9399998}
      - {x: 2.2649999, y: -3.6999998}
      - {x: 2.2549999, y: -3.61}
      - {x: 2.185, y: -3.37}
      - {x: 2.0149999, y: -2.69}
      - {x: 2.455, y: -2.69}
      - {x: 2.475, y: -2.6699998}
      - {x: 2.5349998, y: -2.59}
      - {x: 2.5449998, y: -2.32}
      - {x: 2.585, y: -2.29}
      - {x: 2.595, y: -2.26}
      - {x: 2.605, y: -2.12}
      - {x: 3.2849998, y: -1.9399999}
      - {x: 3.2849998, y: -0.98999995}
      - {x: 3.2549999, y: -0.97999996}
      - {x: 2.595, y: -0.81}
      - {x: 2.595, y: -0.39}
      - {x: 2.5549998, y: -0.35}
      - {x: 2.435, y: -0.24}
      - {x: 1.8549999, y: 0.25}
      - {x: 1.8249999, y: 0.38}
      - {x: 1.9449999, y: 0.38}
      - {x: 1.9649999, y: 0.39999998}
      - {x: 2.0049999, y: 0.55}
      - {x: 2.085, y: 0.65999997}
      - {x: 2.065, y: 0.79999995}
      - {x: 2.065, y: 0.95}
      - {x: 2.055, y: 1.03}
      - {x: 1.9749999, y: 1.06}
      - {x: 1.9649999, y: 1.23}
      - {x: 1.9449999, y: 1.25}
      - {x: 1.8249999, y: 1.25}
      - {x: 1.8249999, y: 1.43}
      - {x: 1.795, y: 1.5}
      - {x: 1.7049999, y: 1.7199999}
      - {x: 1.475, y: 2.25}
      - {x: 1.385, y: 2.48}
      - {x: 1.225, y: 2.84}
      - {x: 0.955, y: 2.84}
      - {x: 0.935, y: 2.87}
      - {x: 0.92499995, y: 3.25}
      - {x: 0.875, y: 3.86}
      - {x: 0.98499995, y: 3.8999999}
      - {x: 1.0849999, y: 3.9399998}
      - {x: 1.0749999, y: 4.19}
      - {x: 1.055, y: 4.29}
      - {x: 1.035, y: 4.31}
      - {x: 0.84499997, y: 4.31}
      - {x: 0.84499997, y: 4.52}
      - {x: 0.815, y: 4.89}
      - {x: 0.765, y: 5.42}
      - {x: 0.72499996, y: 5.67}
      - {x: -0.715, y: 5.67}
      - {x: -0.72499996, y: 5.62}
      - {x: -0.78499997, y: 5.1}
      - {x: -0.815, y: 4.83}
      - {x: -0.835, y: 4.54}
      - {x: -0.85499996, y: 4.31}
      - {x: -1.025, y: 4.31}
      - {x: -1.045, y: 4.29}
      - {x: -1.055, y: 4.22}
      - {x: -1.0649999, y: 3.9399998}
      - {x: -1.045, y: 3.9099998}
      - {x: -0.91499996, y: 3.87}
      - {x: -0.865, y: 3.86}
      - {x: -0.895, y: 3.6499999}
      - {x: -0.905, y: 3.26}
      - {x: -0.91499996, y: 3.1299999}
      - {x: -0.92499995, y: 2.86}
      - {x: -1.2049999, y: 2.84}
      - {x: -1.225, y: 2.82}
      - {x: -1.275, y: 2.71}
      - {x: -1.765, y: 1.56}
      - {x: -1.8149999, y: 1.43}
      - {x: -1.9549999, y: 1.23}
      - {x: -2.0049999, y: 1.06}
      - {x: -2.075, y: 0.96}
      - {x: -2.065, y: 0.77}
      - {x: -2.055, y: 0.66999996}
      - {x: -2.0349998, y: 0.59}
      - {x: -1.9649999, y: 0.55}
      - {x: -1.9549999, y: 0.39999998}
      - {x: -1.935, y: 0.38}
      - {x: -1.8449999, y: 0.25}
      - {x: -2.5149999, y: -0.31}
      - {x: -2.595, y: -0.39999998}
      - {x: -2.595, y: -0.82}
      - {x: -3.0049999, y: -0.91999996}
      - {x: -3.2849998, y: -0.98999995}
      - {x: -3.2849998, y: -1.9399999}
      - {x: -3.2749999, y: -1.9399999}
      - {x: -2.595, y: -2.11}
      - {x: -2.595, y: -2.26}
      - {x: -2.575, y: -2.28}
      - {x: -2.5349998, y: -2.33}
      - {x: -2.5449998, y: -2.59}
      - {x: -2.475, y: -2.69}
      - {x: -2.0149999, y: -2.69}
      - {x: -2.195, y: -3.4299998}
      - {x: -2.315, y: -3.9399998}
      - {x: -2.465, y: -4.0499997}
      - {x: -2.475, y: -4.0899997}
      - {x: -2.475, y: -4.43}
      - {x: -2.445, y: -4.46}
      - {x: -2.315, y: -4.5299997}
      - {x: -2.325, y: -4.65}
      - {x: -2.2749999, y: -4.67}
      - {x: -2.315, y: -4.81}
      - {x: -2.325, y: -4.93}
      - {x: -2.2849998, y: -4.96}
      - {x: -2.335, y: -5.22}
      - {x: -2.2749999, y: -5.23}
      - {x: -2.2649999, y: -5.3199997}
      - {x: -2.235, y: -5.58}
      - {x: -2.215, y: -5.67}
      - {x: -1.5949999, y: -5.67}
      - {x: -1.5949999, y: -5.43}
      - {x: -1.675, y: -5.3399997}
      - {x: -1.365, y: -5.3399997}
    - - {x: -0.895, y: -3.26}
      - {x: -0.91499996, y: -3.06}
      - {x: -0.97499996, y: -2.71}
      - {x: -1.045, y: -2.37}
      - {x: -1.0749999, y: -2.35}
      - {x: -1.305, y: -2.35}
      - {x: -1.295, y: -2}
      - {x: -1.245, y: -1.9599999}
      - {x: -1.245, y: -0.41}
      - {x: -1.105, y: -0.32999998}
      - {x: -0.935, y: -0.22}
      - {x: -0.935, y: -0.45}
      - {x: -0.875, y: -1.0699999}
      - {x: -0.85499996, y: -1.4399999}
      - {x: -0.835, y: -1.7099999}
      - {x: -0.875, y: -2.02}
      - {x: -0.885, y: -2.05}
      - {x: -0.885, y: -2.9399998}
      - {x: -0.815, y: -3.02}
      - {x: -0.815, y: -3.32}
      - {x: -0.765, y: -3.6399999}
      - {x: -0.73499995, y: -3.81}
      - {x: -0.895, y: -3.81}
    - - {x: 0.765, y: -3.75}
      - {x: 0.805, y: -3.5}
      - {x: 0.825, y: -3.3}
      - {x: 0.895, y: -2.9299998}
      - {x: 0.895, y: -2.05}
      - {x: 0.825, y: -1.9599999}
      - {x: 0.835, y: -1.5999999}
      - {x: 0.885, y: -1.05}
      - {x: 0.935, y: -0.42}
      - {x: 0.935, y: -0.22}
      - {x: 1.035, y: -0.28}
      - {x: 1.175, y: -0.37}
      - {x: 1.245, y: -0.39999998}
      - {x: 1.245, y: -1.9499999}
      - {x: 1.285, y: -1.99}
      - {x: 1.3149999, y: -2}
      - {x: 1.3149999, y: -2.35}
      - {x: 1.0749999, y: -2.35}
      - {x: 1.045, y: -2.37}
      - {x: 0.92499995, y: -3.11}
      - {x: 0.905, y: -3.25}
      - {x: 0.905, y: -3.81}
      - {x: 0.73499995, y: -3.81}
  m_UseDelaunayMesh: 0
--- !u!1 &1126791740098162951
GameObject:
  m_ObjectHideFlags: 0
  m_CorrespondingSourceObject: {fileID: 0}
  m_PrefabInstance: {fileID: 0}
  m_PrefabAsset: {fileID: 0}
  serializedVersion: 6
  m_Component:
  - component: {fileID: 7130773102342765422}
  - component: {fileID: 4423061270513134952}
  - component: {fileID: 5062128874215382857}
  m_Layer: 0
  m_Name: 2DScifiFrigateCorsairTopViewRed
  m_TagString: Untagged
  m_Icon: {fileID: 0}
  m_NavMeshLayer: 0
  m_StaticEditorFlags: 0
  m_IsActive: 0
--- !u!4 &7130773102342765422
Transform:
  m_ObjectHideFlags: 0
  m_CorrespondingSourceObject: {fileID: 0}
  m_PrefabInstance: {fileID: 0}
  m_PrefabAsset: {fileID: 0}
  m_GameObject: {fileID: 1126791740098162951}
  serializedVersion: 2
  m_LocalRotation: {x: -0, y: -0, z: -0, w: 1}
  m_LocalPosition: {x: 0, y: 0, z: 0}
  m_LocalScale: {x: 1, y: 1, z: 1}
  m_ConstrainProportionsScale: 0
  m_Children: []
  m_Father: {fileID: 2906260405829512196}
  m_LocalEulerAnglesHint: {x: 0, y: 0, z: 0}
--- !u!212 &4423061270513134952
SpriteRenderer:
  m_ObjectHideFlags: 0
  m_CorrespondingSourceObject: {fileID: 0}
  m_PrefabInstance: {fileID: 0}
  m_PrefabAsset: {fileID: 0}
  m_GameObject: {fileID: 1126791740098162951}
  m_Enabled: 1
  m_CastShadows: 0
  m_ReceiveShadows: 0
  m_DynamicOccludee: 1
  m_StaticShadowCaster: 0
  m_MotionVectors: 1
  m_LightProbeUsage: 1
  m_ReflectionProbeUsage: 1
  m_RayTracingMode: 0
  m_RayTraceProcedural: 0
  m_RenderingLayerMask: 4294967295
  m_RendererPriority: 0
  m_Materials:
  - {fileID: 10754, guid: 0000000000000000f000000000000000, type: 0}
  m_StaticBatchInfo:
    firstSubMesh: 0
    subMeshCount: 0
  m_StaticBatchRoot: {fileID: 0}
  m_ProbeAnchor: {fileID: 0}
  m_LightProbeVolumeOverride: {fileID: 0}
  m_ScaleInLightmap: 1
  m_ReceiveGI: 1
  m_PreserveUVs: 0
  m_IgnoreNormalsForChartDetection: 0
  m_ImportantGI: 0
  m_StitchLightmapSeams: 0
  m_SelectedEditorRenderState: 0
  m_MinimumChartSize: 4
  m_AutoUVMaxDistance: 0.5
  m_AutoUVMaxAngle: 89
  m_LightmapParameters: {fileID: 0}
  m_SortingLayerID: -103832621
  m_SortingLayer: 0
  m_SortingOrder: 1
  m_Sprite: {fileID: 21300002, guid: 76ae66d8633c3ad40bb908b654d63da1, type: 3}
  m_Color: {r: 1, g: 1, b: 1, a: 1}
  m_FlipX: 0
  m_FlipY: 0
  m_DrawMode: 0
  m_Size: {x: 6.57, y: 11.34}
  m_AdaptiveModeThreshold: 0.5
  m_SpriteTileMode: 0
  m_WasSpriteAssigned: 1
  m_MaskInteraction: 0
  m_SpriteSortPoint: 0
--- !u!60 &5062128874215382857
PolygonCollider2D:
  m_ObjectHideFlags: 0
  m_CorrespondingSourceObject: {fileID: 0}
  m_PrefabInstance: {fileID: 0}
  m_PrefabAsset: {fileID: 0}
  m_GameObject: {fileID: 1126791740098162951}
  m_Enabled: 1
  m_Density: 1
  m_Material: {fileID: 0}
  m_IncludeLayers:
    serializedVersion: 2
    m_Bits: 0
  m_ExcludeLayers:
    serializedVersion: 2
    m_Bits: 0
  m_LayerOverridePriority: 0
  m_ForceSendLayers:
    serializedVersion: 2
    m_Bits: 4294967295
  m_ForceReceiveLayers:
    serializedVersion: 2
    m_Bits: 4294967295
  m_ContactCaptureLayers:
    serializedVersion: 2
    m_Bits: 4294967295
  m_CallbackLayers:
    serializedVersion: 2
    m_Bits: 4294967295
  m_IsTrigger: 0
  m_UsedByEffector: 0
  m_UsedByComposite: 0
  m_Offset: {x: 0, y: 0}
  m_SpriteTilingProperty:
    border: {x: 0, y: 0, z: 0, w: 0}
    pivot: {x: 0.5, y: 0.5}
    oldSize: {x: 6.57, y: 11.34}
    newSize: {x: 6.57, y: 11.34}
    adaptiveTilingThreshold: 0.5
    drawMode: 0
    adaptiveTiling: 0
  m_AutoTiling: 0
  m_Points:
    m_Paths:
    - - {x: -1.415, y: -5.38}
      - {x: -1.4449999, y: -5.42}
      - {x: -1.4449999, y: -5.67}
      - {x: -0.955, y: -5.67}
      - {x: -0.935, y: -5.58}
      - {x: -0.905, y: -5.3599997}
      - {x: -0.905, y: -4.87}
      - {x: -0.84499997, y: -4.8199997}
      - {x: -0.835, y: -4.7}
      - {x: -0.295, y: -4.68}
      - {x: -0.295, y: -4.92}
      - {x: -0.21499999, y: -5.06}
      - {x: -0.16499999, y: -5.1099997}
      - {x: 0.185, y: -5.12}
      - {x: 0.305, y: -4.93}
      - {x: 0.295, y: -4.67}
      - {x: 0.875, y: -4.67}
      - {x: 0.85499996, y: -4.69}
      - {x: 0.85499996, y: -4.8199997}
      - {x: 0.91499996, y: -4.89}
      - {x: 0.905, y: -5.3199997}
      - {x: 0.92499995, y: -5.5499997}
      - {x: 0.945, y: -5.65}
      - {x: 0.965, y: -5.67}
      - {x: 1.4549999, y: -5.67}
      - {x: 1.4549999, y: -5.42}
      - {x: 1.685, y: -5.3399997}
      - {x: 1.5949999, y: -5.44}
      - {x: 1.5949999, y: -5.67}
      - {x: 2.225, y: -5.67}
      - {x: 2.2649999, y: -5.49}
      - {x: 2.2649999, y: -5.23}
      - {x: 2.2949998, y: -5.22}
      - {x: 2.315, y: -5.2}
      - {x: 2.325, y: -5.0899997}
      - {x: 2.2749999, y: -5.0699997}
      - {x: 2.315, y: -4.92}
      - {x: 2.325, y: -4.7999997}
      - {x: 2.2749999, y: -4.7799997}
      - {x: 2.315, y: -4.64}
      - {x: 2.325, y: -4.52}
      - {x: 2.455, y: -4.47}
      - {x: 2.495, y: -4.44}
      - {x: 2.485, y: -4.06}
      - {x: 2.375, y: -4.0299997}
      - {x: 2.325, y: -3.9599998}
      - {x: 2.2749999, y: -3.9399998}
      - {x: 2.2649999, y: -3.6999998}
      - {x: 2.2549999, y: -3.61}
      - {x: 2.185, y: -3.37}
      - {x: 2.0149999, y: -2.69}
      - {x: 2.455, y: -2.69}
      - {x: 2.475, y: -2.6699998}
      - {x: 2.5349998, y: -2.59}
      - {x: 2.5449998, y: -2.32}
      - {x: 2.585, y: -2.29}
      - {x: 2.595, y: -2.26}
      - {x: 2.605, y: -2.12}
      - {x: 3.2849998, y: -1.9399999}
      - {x: 3.2849998, y: -0.98999995}
      - {x: 3.2549999, y: -0.97999996}
      - {x: 2.595, y: -0.81}
      - {x: 2.595, y: -0.39}
      - {x: 2.5549998, y: -0.35}
      - {x: 2.435, y: -0.24}
      - {x: 1.8549999, y: 0.25}
      - {x: 1.8249999, y: 0.38}
      - {x: 1.9449999, y: 0.38}
      - {x: 1.9649999, y: 0.39999998}
      - {x: 2.0049999, y: 0.55}
      - {x: 2.085, y: 0.65999997}
      - {x: 2.065, y: 0.79999995}
      - {x: 2.065, y: 0.95}
      - {x: 2.055, y: 1.03}
      - {x: 1.9749999, y: 1.06}
      - {x: 1.9649999, y: 1.23}
      - {x: 1.9449999, y: 1.25}
      - {x: 1.8249999, y: 1.25}
      - {x: 1.8249999, y: 1.43}
      - {x: 1.795, y: 1.5}
      - {x: 1.7049999, y: 1.7199999}
      - {x: 1.475, y: 2.25}
      - {x: 1.385, y: 2.48}
      - {x: 1.225, y: 2.84}
      - {x: 0.955, y: 2.84}
      - {x: 0.935, y: 2.87}
      - {x: 0.92499995, y: 3.25}
      - {x: 0.875, y: 3.86}
      - {x: 0.98499995, y: 3.8999999}
      - {x: 1.0849999, y: 3.9399998}
      - {x: 1.0749999, y: 4.19}
      - {x: 1.055, y: 4.29}
      - {x: 1.035, y: 4.31}
      - {x: 0.84499997, y: 4.31}
      - {x: 0.84499997, y: 4.52}
      - {x: 0.815, y: 4.89}
      - {x: 0.765, y: 5.42}
      - {x: 0.72499996, y: 5.67}
      - {x: -0.715, y: 5.67}
      - {x: -0.72499996, y: 5.62}
      - {x: -0.78499997, y: 5.1}
      - {x: -0.815, y: 4.83}
      - {x: -0.835, y: 4.54}
      - {x: -0.85499996, y: 4.31}
      - {x: -1.025, y: 4.31}
      - {x: -1.045, y: 4.29}
      - {x: -1.055, y: 4.22}
      - {x: -1.0649999, y: 3.9399998}
      - {x: -1.045, y: 3.9099998}
      - {x: -0.91499996, y: 3.87}
      - {x: -0.865, y: 3.86}
      - {x: -0.895, y: 3.6499999}
      - {x: -0.905, y: 3.26}
      - {x: -0.91499996, y: 3.1299999}
      - {x: -0.92499995, y: 2.86}
      - {x: -1.2049999, y: 2.84}
      - {x: -1.225, y: 2.82}
      - {x: -1.275, y: 2.71}
      - {x: -1.765, y: 1.56}
      - {x: -1.8149999, y: 1.43}
      - {x: -1.9549999, y: 1.23}
      - {x: -2.0049999, y: 1.06}
      - {x: -2.075, y: 0.96}
      - {x: -2.065, y: 0.77}
      - {x: -2.055, y: 0.66999996}
      - {x: -2.0349998, y: 0.59}
      - {x: -1.9649999, y: 0.55}
      - {x: -1.9549999, y: 0.39999998}
      - {x: -1.935, y: 0.38}
      - {x: -1.8449999, y: 0.25}
      - {x: -2.5149999, y: -0.31}
      - {x: -2.595, y: -0.39999998}
      - {x: -2.595, y: -0.82}
      - {x: -3.0049999, y: -0.91999996}
      - {x: -3.2849998, y: -0.98999995}
      - {x: -3.2849998, y: -1.9399999}
      - {x: -3.2749999, y: -1.9399999}
      - {x: -2.595, y: -2.11}
      - {x: -2.595, y: -2.26}
      - {x: -2.575, y: -2.28}
      - {x: -2.5349998, y: -2.33}
      - {x: -2.5449998, y: -2.59}
      - {x: -2.475, y: -2.69}
      - {x: -2.0149999, y: -2.69}
      - {x: -2.195, y: -3.4299998}
      - {x: -2.315, y: -3.9399998}
      - {x: -2.465, y: -4.0499997}
      - {x: -2.475, y: -4.0899997}
      - {x: -2.475, y: -4.43}
      - {x: -2.445, y: -4.46}
      - {x: -2.315, y: -4.5299997}
      - {x: -2.325, y: -4.65}
      - {x: -2.2749999, y: -4.67}
      - {x: -2.315, y: -4.81}
      - {x: -2.325, y: -4.93}
      - {x: -2.2849998, y: -4.96}
      - {x: -2.335, y: -5.22}
      - {x: -2.2749999, y: -5.23}
      - {x: -2.2649999, y: -5.3199997}
      - {x: -2.235, y: -5.58}
      - {x: -2.215, y: -5.67}
      - {x: -1.5949999, y: -5.67}
      - {x: -1.5949999, y: -5.43}
      - {x: -1.675, y: -5.3399997}
      - {x: -1.365, y: -5.3399997}
    - - {x: -0.895, y: -3.26}
      - {x: -0.91499996, y: -3.06}
      - {x: -0.97499996, y: -2.71}
      - {x: -1.045, y: -2.37}
      - {x: -1.0749999, y: -2.35}
      - {x: -1.305, y: -2.35}
      - {x: -1.295, y: -2}
      - {x: -1.245, y: -1.9599999}
      - {x: -1.245, y: -0.41}
      - {x: -1.105, y: -0.32999998}
      - {x: -0.935, y: -0.22}
      - {x: -0.935, y: -0.45}
      - {x: -0.875, y: -1.0699999}
      - {x: -0.85499996, y: -1.4399999}
      - {x: -0.835, y: -1.7099999}
      - {x: -0.875, y: -2.02}
      - {x: -0.885, y: -2.05}
      - {x: -0.885, y: -2.9399998}
      - {x: -0.815, y: -3.02}
      - {x: -0.815, y: -3.32}
      - {x: -0.765, y: -3.6399999}
      - {x: -0.73499995, y: -3.81}
      - {x: -0.895, y: -3.81}
    - - {x: 0.765, y: -3.75}
      - {x: 0.805, y: -3.5}
      - {x: 0.825, y: -3.3}
      - {x: 0.895, y: -2.9299998}
      - {x: 0.895, y: -2.05}
      - {x: 0.825, y: -1.9599999}
      - {x: 0.835, y: -1.5999999}
      - {x: 0.885, y: -1.05}
      - {x: 0.935, y: -0.42}
      - {x: 0.935, y: -0.22}
      - {x: 1.035, y: -0.28}
      - {x: 1.175, y: -0.37}
      - {x: 1.245, y: -0.39999998}
      - {x: 1.245, y: -1.9499999}
      - {x: 1.285, y: -1.99}
      - {x: 1.3149999, y: -2}
      - {x: 1.3149999, y: -2.35}
      - {x: 1.0749999, y: -2.35}
      - {x: 1.045, y: -2.37}
      - {x: 0.92499995, y: -3.11}
      - {x: 0.905, y: -3.25}
      - {x: 0.905, y: -3.81}
      - {x: 0.73499995, y: -3.81}
  m_UseDelaunayMesh: 0
--- !u!1 &1417237378776137015
GameObject:
  m_ObjectHideFlags: 0
  m_CorrespondingSourceObject: {fileID: 0}
  m_PrefabInstance: {fileID: 0}
  m_PrefabAsset: {fileID: 0}
  serializedVersion: 6
  m_Component:
  - component: {fileID: 5316238318633366884}
  - component: {fileID: 4636968156704583169}
  m_Layer: 0
  m_Name: 2DShipsTurretSmallTopView (2)
  m_TagString: Untagged
  m_Icon: {fileID: 0}
  m_NavMeshLayer: 0
  m_StaticEditorFlags: 0
  m_IsActive: 1
--- !u!4 &5316238318633366884
Transform:
  m_ObjectHideFlags: 0
  m_CorrespondingSourceObject: {fileID: 0}
  m_PrefabInstance: {fileID: 0}
  m_PrefabAsset: {fileID: 0}
  m_GameObject: {fileID: 1417237378776137015}
  serializedVersion: 2
  m_LocalRotation: {x: -0, y: -0, z: -0, w: 1}
  m_LocalPosition: {x: 0, y: -2.97, z: 0}
  m_LocalScale: {x: 0.5, y: 0.5, z: 0.5}
  m_ConstrainProportionsScale: 0
  m_Children: []
  m_Father: {fileID: 9101760831303936765}
  m_LocalEulerAnglesHint: {x: 0, y: 0, z: 0}
--- !u!212 &4636968156704583169
SpriteRenderer:
  m_ObjectHideFlags: 0
  m_CorrespondingSourceObject: {fileID: 0}
  m_PrefabInstance: {fileID: 0}
  m_PrefabAsset: {fileID: 0}
  m_GameObject: {fileID: 1417237378776137015}
  m_Enabled: 1
  m_CastShadows: 0
  m_ReceiveShadows: 0
  m_DynamicOccludee: 1
  m_StaticShadowCaster: 0
  m_MotionVectors: 1
  m_LightProbeUsage: 1
  m_ReflectionProbeUsage: 1
  m_RayTracingMode: 0
  m_RayTraceProcedural: 0
  m_RenderingLayerMask: 4294967295
  m_RendererPriority: 0
  m_Materials:
  - {fileID: 10754, guid: 0000000000000000f000000000000000, type: 0}
  m_StaticBatchInfo:
    firstSubMesh: 0
    subMeshCount: 0
  m_StaticBatchRoot: {fileID: 0}
  m_ProbeAnchor: {fileID: 0}
  m_LightProbeVolumeOverride: {fileID: 0}
  m_ScaleInLightmap: 1
  m_ReceiveGI: 1
  m_PreserveUVs: 0
  m_IgnoreNormalsForChartDetection: 0
  m_ImportantGI: 0
  m_StitchLightmapSeams: 0
  m_SelectedEditorRenderState: 0
  m_MinimumChartSize: 4
  m_AutoUVMaxDistance: 0.5
  m_AutoUVMaxAngle: 89
  m_LightmapParameters: {fileID: 0}
  m_SortingLayerID: 259102323
  m_SortingLayer: 0
  m_SortingOrder: 1
  m_Sprite: {fileID: 21300004, guid: ea47199b715e6c047909c1486562c340, type: 3}
  m_Color: {r: 1, g: 1, b: 1, a: 1}
  m_FlipX: 0
  m_FlipY: 0
  m_DrawMode: 0
  m_Size: {x: 0.62, y: 1.32}
  m_AdaptiveModeThreshold: 0.5
  m_SpriteTileMode: 0
  m_WasSpriteAssigned: 1
  m_MaskInteraction: 0
  m_SpriteSortPoint: 0
--- !u!1 &2760082972369313716
GameObject:
  m_ObjectHideFlags: 0
  m_CorrespondingSourceObject: {fileID: 0}
  m_PrefabInstance: {fileID: 0}
  m_PrefabAsset: {fileID: 0}
  serializedVersion: 6
  m_Component:
  - component: {fileID: 9086973827339016518}
  - component: {fileID: 6742777403134151851}
  - component: {fileID: 7799627686391887526}
  m_Layer: 0
  m_Name: 2DScifiFrigateCorsairTopViewBlack
  m_TagString: Untagged
  m_Icon: {fileID: 0}
  m_NavMeshLayer: 0
  m_StaticEditorFlags: 0
  m_IsActive: 0
--- !u!4 &9086973827339016518
Transform:
  m_ObjectHideFlags: 0
  m_CorrespondingSourceObject: {fileID: 0}
  m_PrefabInstance: {fileID: 0}
  m_PrefabAsset: {fileID: 0}
  m_GameObject: {fileID: 2760082972369313716}
  serializedVersion: 2
  m_LocalRotation: {x: -0, y: -0, z: -0, w: 1}
  m_LocalPosition: {x: 0, y: 0, z: 0}
  m_LocalScale: {x: 1, y: 1, z: 1}
  m_ConstrainProportionsScale: 0
  m_Children: []
  m_Father: {fileID: 2906260405829512196}
  m_LocalEulerAnglesHint: {x: 0, y: 0, z: 0}
--- !u!212 &6742777403134151851
SpriteRenderer:
  m_ObjectHideFlags: 0
  m_CorrespondingSourceObject: {fileID: 0}
  m_PrefabInstance: {fileID: 0}
  m_PrefabAsset: {fileID: 0}
  m_GameObject: {fileID: 2760082972369313716}
  m_Enabled: 1
  m_CastShadows: 0
  m_ReceiveShadows: 0
  m_DynamicOccludee: 1
  m_StaticShadowCaster: 0
  m_MotionVectors: 1
  m_LightProbeUsage: 1
  m_ReflectionProbeUsage: 1
  m_RayTracingMode: 0
  m_RayTraceProcedural: 0
  m_RenderingLayerMask: 4294967295
  m_RendererPriority: 0
  m_Materials:
  - {fileID: 10754, guid: 0000000000000000f000000000000000, type: 0}
  m_StaticBatchInfo:
    firstSubMesh: 0
    subMeshCount: 0
  m_StaticBatchRoot: {fileID: 0}
  m_ProbeAnchor: {fileID: 0}
  m_LightProbeVolumeOverride: {fileID: 0}
  m_ScaleInLightmap: 1
  m_ReceiveGI: 1
  m_PreserveUVs: 0
  m_IgnoreNormalsForChartDetection: 0
  m_ImportantGI: 0
  m_StitchLightmapSeams: 0
  m_SelectedEditorRenderState: 0
  m_MinimumChartSize: 4
  m_AutoUVMaxDistance: 0.5
  m_AutoUVMaxAngle: 89
  m_LightmapParameters: {fileID: 0}
  m_SortingLayerID: -103832621
  m_SortingLayer: 0
  m_SortingOrder: 1
  m_Sprite: {fileID: 21300002, guid: c91ca482c2d65c04bbd61802e93740bc, type: 3}
  m_Color: {r: 1, g: 1, b: 1, a: 1}
  m_FlipX: 0
  m_FlipY: 0
  m_DrawMode: 0
  m_Size: {x: 6.57, y: 11.34}
  m_AdaptiveModeThreshold: 0.5
  m_SpriteTileMode: 0
  m_WasSpriteAssigned: 1
  m_MaskInteraction: 0
  m_SpriteSortPoint: 0
--- !u!60 &7799627686391887526
PolygonCollider2D:
  m_ObjectHideFlags: 0
  m_CorrespondingSourceObject: {fileID: 0}
  m_PrefabInstance: {fileID: 0}
  m_PrefabAsset: {fileID: 0}
  m_GameObject: {fileID: 2760082972369313716}
  m_Enabled: 1
  m_Density: 1
  m_Material: {fileID: 0}
  m_IncludeLayers:
    serializedVersion: 2
    m_Bits: 0
  m_ExcludeLayers:
    serializedVersion: 2
    m_Bits: 0
  m_LayerOverridePriority: 0
  m_ForceSendLayers:
    serializedVersion: 2
    m_Bits: 4294967295
  m_ForceReceiveLayers:
    serializedVersion: 2
    m_Bits: 4294967295
  m_ContactCaptureLayers:
    serializedVersion: 2
    m_Bits: 4294967295
  m_CallbackLayers:
    serializedVersion: 2
    m_Bits: 4294967295
  m_IsTrigger: 0
  m_UsedByEffector: 0
  m_UsedByComposite: 0
  m_Offset: {x: 0, y: 0}
  m_SpriteTilingProperty:
    border: {x: 0, y: 0, z: 0, w: 0}
    pivot: {x: 0.5, y: 0.5}
    oldSize: {x: 6.57, y: 11.34}
    newSize: {x: 6.57, y: 11.34}
    adaptiveTilingThreshold: 0.5
    drawMode: 0
    adaptiveTiling: 0
  m_AutoTiling: 0
  m_Points:
    m_Paths:
    - - {x: -1.415, y: -5.38}
      - {x: -1.4449999, y: -5.42}
      - {x: -1.4449999, y: -5.67}
      - {x: -0.955, y: -5.67}
      - {x: -0.935, y: -5.58}
      - {x: -0.905, y: -5.3599997}
      - {x: -0.905, y: -4.87}
      - {x: -0.84499997, y: -4.8199997}
      - {x: -0.835, y: -4.7}
      - {x: -0.295, y: -4.68}
      - {x: -0.295, y: -4.92}
      - {x: -0.21499999, y: -5.06}
      - {x: -0.16499999, y: -5.1099997}
      - {x: 0.185, y: -5.12}
      - {x: 0.305, y: -4.93}
      - {x: 0.295, y: -4.67}
      - {x: 0.875, y: -4.67}
      - {x: 0.85499996, y: -4.69}
      - {x: 0.85499996, y: -4.8199997}
      - {x: 0.91499996, y: -4.89}
      - {x: 0.905, y: -5.3199997}
      - {x: 0.92499995, y: -5.5499997}
      - {x: 0.945, y: -5.65}
      - {x: 0.965, y: -5.67}
      - {x: 1.4549999, y: -5.67}
      - {x: 1.4549999, y: -5.42}
      - {x: 1.685, y: -5.3399997}
      - {x: 1.5949999, y: -5.44}
      - {x: 1.5949999, y: -5.67}
      - {x: 2.225, y: -5.67}
      - {x: 2.2649999, y: -5.49}
      - {x: 2.2649999, y: -5.23}
      - {x: 2.2949998, y: -5.22}
      - {x: 2.315, y: -5.2}
      - {x: 2.325, y: -5.0899997}
      - {x: 2.2749999, y: -5.0699997}
      - {x: 2.315, y: -4.92}
      - {x: 2.325, y: -4.7999997}
      - {x: 2.2749999, y: -4.7799997}
      - {x: 2.315, y: -4.64}
      - {x: 2.325, y: -4.52}
      - {x: 2.455, y: -4.47}
      - {x: 2.495, y: -4.44}
      - {x: 2.485, y: -4.06}
      - {x: 2.375, y: -4.0299997}
      - {x: 2.325, y: -3.9599998}
      - {x: 2.2749999, y: -3.9399998}
      - {x: 2.2649999, y: -3.6999998}
      - {x: 2.2549999, y: -3.61}
      - {x: 2.185, y: -3.37}
      - {x: 2.0149999, y: -2.69}
      - {x: 2.455, y: -2.69}
      - {x: 2.475, y: -2.6699998}
      - {x: 2.5349998, y: -2.59}
      - {x: 2.5449998, y: -2.32}
      - {x: 2.585, y: -2.29}
      - {x: 2.595, y: -2.26}
      - {x: 2.605, y: -2.12}
      - {x: 3.2849998, y: -1.9399999}
      - {x: 3.2849998, y: -0.98999995}
      - {x: 3.2549999, y: -0.97999996}
      - {x: 2.595, y: -0.81}
      - {x: 2.595, y: -0.39}
      - {x: 2.5549998, y: -0.35}
      - {x: 2.435, y: -0.24}
      - {x: 1.8549999, y: 0.25}
      - {x: 1.8249999, y: 0.38}
      - {x: 1.9449999, y: 0.38}
      - {x: 1.9649999, y: 0.39999998}
      - {x: 2.0049999, y: 0.55}
      - {x: 2.085, y: 0.65999997}
      - {x: 2.065, y: 0.79999995}
      - {x: 2.065, y: 0.95}
      - {x: 2.055, y: 1.03}
      - {x: 1.9749999, y: 1.06}
      - {x: 1.9649999, y: 1.23}
      - {x: 1.9449999, y: 1.25}
      - {x: 1.8249999, y: 1.25}
      - {x: 1.8249999, y: 1.43}
      - {x: 1.795, y: 1.5}
      - {x: 1.7049999, y: 1.7199999}
      - {x: 1.475, y: 2.25}
      - {x: 1.385, y: 2.48}
      - {x: 1.225, y: 2.84}
      - {x: 0.955, y: 2.84}
      - {x: 0.935, y: 2.87}
      - {x: 0.92499995, y: 3.25}
      - {x: 0.875, y: 3.86}
      - {x: 0.98499995, y: 3.8999999}
      - {x: 1.0849999, y: 3.9399998}
      - {x: 1.0749999, y: 4.19}
      - {x: 1.055, y: 4.29}
      - {x: 1.035, y: 4.31}
      - {x: 0.84499997, y: 4.31}
      - {x: 0.84499997, y: 4.52}
      - {x: 0.815, y: 4.89}
      - {x: 0.765, y: 5.42}
      - {x: 0.72499996, y: 5.67}
      - {x: -0.715, y: 5.67}
      - {x: -0.72499996, y: 5.62}
      - {x: -0.78499997, y: 5.1}
      - {x: -0.815, y: 4.83}
      - {x: -0.835, y: 4.54}
      - {x: -0.85499996, y: 4.31}
      - {x: -1.025, y: 4.31}
      - {x: -1.045, y: 4.29}
      - {x: -1.055, y: 4.22}
      - {x: -1.0649999, y: 3.9399998}
      - {x: -1.045, y: 3.9099998}
      - {x: -0.91499996, y: 3.87}
      - {x: -0.865, y: 3.86}
      - {x: -0.895, y: 3.6499999}
      - {x: -0.905, y: 3.26}
      - {x: -0.91499996, y: 3.1299999}
      - {x: -0.92499995, y: 2.86}
      - {x: -1.2049999, y: 2.84}
      - {x: -1.225, y: 2.82}
      - {x: -1.275, y: 2.71}
      - {x: -1.765, y: 1.56}
      - {x: -1.8149999, y: 1.43}
      - {x: -1.9549999, y: 1.23}
      - {x: -2.0049999, y: 1.06}
      - {x: -2.075, y: 0.96}
      - {x: -2.065, y: 0.77}
      - {x: -2.055, y: 0.66999996}
      - {x: -2.0349998, y: 0.59}
      - {x: -1.9649999, y: 0.55}
      - {x: -1.9549999, y: 0.39999998}
      - {x: -1.935, y: 0.38}
      - {x: -1.8449999, y: 0.25}
      - {x: -2.5149999, y: -0.31}
      - {x: -2.595, y: -0.39999998}
      - {x: -2.595, y: -0.82}
      - {x: -3.0049999, y: -0.91999996}
      - {x: -3.2849998, y: -0.98999995}
      - {x: -3.2849998, y: -1.9399999}
      - {x: -3.2749999, y: -1.9399999}
      - {x: -2.595, y: -2.11}
      - {x: -2.595, y: -2.26}
      - {x: -2.575, y: -2.28}
      - {x: -2.5349998, y: -2.33}
      - {x: -2.5449998, y: -2.59}
      - {x: -2.475, y: -2.69}
      - {x: -2.0149999, y: -2.69}
      - {x: -2.195, y: -3.4299998}
      - {x: -2.315, y: -3.9399998}
      - {x: -2.465, y: -4.0499997}
      - {x: -2.475, y: -4.0899997}
      - {x: -2.475, y: -4.43}
      - {x: -2.445, y: -4.46}
      - {x: -2.315, y: -4.5299997}
      - {x: -2.325, y: -4.65}
      - {x: -2.2749999, y: -4.67}
      - {x: -2.315, y: -4.81}
      - {x: -2.325, y: -4.93}
      - {x: -2.2849998, y: -4.96}
      - {x: -2.335, y: -5.22}
      - {x: -2.2749999, y: -5.23}
      - {x: -2.2649999, y: -5.3199997}
      - {x: -2.235, y: -5.58}
      - {x: -2.215, y: -5.67}
      - {x: -1.5949999, y: -5.67}
      - {x: -1.5949999, y: -5.43}
      - {x: -1.675, y: -5.3399997}
      - {x: -1.365, y: -5.3399997}
    - - {x: -0.895, y: -3.26}
      - {x: -0.91499996, y: -3.06}
      - {x: -0.97499996, y: -2.71}
      - {x: -1.045, y: -2.37}
      - {x: -1.0749999, y: -2.35}
      - {x: -1.305, y: -2.35}
      - {x: -1.295, y: -2}
      - {x: -1.245, y: -1.9599999}
      - {x: -1.245, y: -0.41}
      - {x: -1.105, y: -0.32999998}
      - {x: -0.935, y: -0.22}
      - {x: -0.935, y: -0.45}
      - {x: -0.875, y: -1.0699999}
      - {x: -0.85499996, y: -1.4399999}
      - {x: -0.835, y: -1.7099999}
      - {x: -0.875, y: -2.02}
      - {x: -0.885, y: -2.05}
      - {x: -0.885, y: -2.9399998}
      - {x: -0.815, y: -3.02}
      - {x: -0.815, y: -3.32}
      - {x: -0.765, y: -3.6399999}
      - {x: -0.73499995, y: -3.81}
      - {x: -0.895, y: -3.81}
    - - {x: 0.765, y: -3.75}
      - {x: 0.805, y: -3.5}
      - {x: 0.825, y: -3.3}
      - {x: 0.895, y: -2.9299998}
      - {x: 0.895, y: -2.05}
      - {x: 0.825, y: -1.9599999}
      - {x: 0.835, y: -1.5999999}
      - {x: 0.885, y: -1.05}
      - {x: 0.935, y: -0.42}
      - {x: 0.935, y: -0.22}
      - {x: 1.035, y: -0.28}
      - {x: 1.175, y: -0.37}
      - {x: 1.245, y: -0.39999998}
      - {x: 1.245, y: -1.9499999}
      - {x: 1.285, y: -1.99}
      - {x: 1.3149999, y: -2}
      - {x: 1.3149999, y: -2.35}
      - {x: 1.0749999, y: -2.35}
      - {x: 1.045, y: -2.37}
      - {x: 0.92499995, y: -3.11}
      - {x: 0.905, y: -3.25}
      - {x: 0.905, y: -3.81}
      - {x: 0.73499995, y: -3.81}
  m_UseDelaunayMesh: 0
--- !u!1 &4179067049339563884
GameObject:
  m_ObjectHideFlags: 0
  m_CorrespondingSourceObject: {fileID: 0}
  m_PrefabInstance: {fileID: 0}
  m_PrefabAsset: {fileID: 0}
  serializedVersion: 6
  m_Component:
  - component: {fileID: 4338022446624973302}
  - component: {fileID: 3406092201838379908}
  - component: {fileID: 1215009843819600383}
  m_Layer: 0
  m_Name: 2DScifiFrigateCorsairTopViewWhite
  m_TagString: Untagged
  m_Icon: {fileID: 0}
  m_NavMeshLayer: 0
  m_StaticEditorFlags: 0
  m_IsActive: 0
--- !u!4 &4338022446624973302
Transform:
  m_ObjectHideFlags: 0
  m_CorrespondingSourceObject: {fileID: 0}
  m_PrefabInstance: {fileID: 0}
  m_PrefabAsset: {fileID: 0}
  m_GameObject: {fileID: 4179067049339563884}
  serializedVersion: 2
  m_LocalRotation: {x: -0, y: -0, z: -0, w: 1}
  m_LocalPosition: {x: 0, y: 0, z: 0}
  m_LocalScale: {x: 1, y: 1, z: 1}
  m_ConstrainProportionsScale: 0
  m_Children: []
  m_Father: {fileID: 2906260405829512196}
  m_LocalEulerAnglesHint: {x: 0, y: 0, z: 0}
--- !u!212 &3406092201838379908
SpriteRenderer:
  m_ObjectHideFlags: 0
  m_CorrespondingSourceObject: {fileID: 0}
  m_PrefabInstance: {fileID: 0}
  m_PrefabAsset: {fileID: 0}
  m_GameObject: {fileID: 4179067049339563884}
  m_Enabled: 1
  m_CastShadows: 0
  m_ReceiveShadows: 0
  m_DynamicOccludee: 1
  m_StaticShadowCaster: 0
  m_MotionVectors: 1
  m_LightProbeUsage: 1
  m_ReflectionProbeUsage: 1
  m_RayTracingMode: 0
  m_RayTraceProcedural: 0
  m_RenderingLayerMask: 4294967295
  m_RendererPriority: 0
  m_Materials:
  - {fileID: 10754, guid: 0000000000000000f000000000000000, type: 0}
  m_StaticBatchInfo:
    firstSubMesh: 0
    subMeshCount: 0
  m_StaticBatchRoot: {fileID: 0}
  m_ProbeAnchor: {fileID: 0}
  m_LightProbeVolumeOverride: {fileID: 0}
  m_ScaleInLightmap: 1
  m_ReceiveGI: 1
  m_PreserveUVs: 0
  m_IgnoreNormalsForChartDetection: 0
  m_ImportantGI: 0
  m_StitchLightmapSeams: 0
  m_SelectedEditorRenderState: 0
  m_MinimumChartSize: 4
  m_AutoUVMaxDistance: 0.5
  m_AutoUVMaxAngle: 89
  m_LightmapParameters: {fileID: 0}
  m_SortingLayerID: -103832621
  m_SortingLayer: 0
  m_SortingOrder: 1
  m_Sprite: {fileID: 21300002, guid: 3c162b49ae2bf4d4f9dfac8c9dfd8fec, type: 3}
  m_Color: {r: 1, g: 1, b: 1, a: 1}
  m_FlipX: 0
  m_FlipY: 0
  m_DrawMode: 0
  m_Size: {x: 6.57, y: 11.34}
  m_AdaptiveModeThreshold: 0.5
  m_SpriteTileMode: 0
  m_WasSpriteAssigned: 1
  m_MaskInteraction: 0
  m_SpriteSortPoint: 0
--- !u!60 &1215009843819600383
PolygonCollider2D:
  m_ObjectHideFlags: 0
  m_CorrespondingSourceObject: {fileID: 0}
  m_PrefabInstance: {fileID: 0}
  m_PrefabAsset: {fileID: 0}
  m_GameObject: {fileID: 4179067049339563884}
  m_Enabled: 1
  m_Density: 1
  m_Material: {fileID: 0}
  m_IncludeLayers:
    serializedVersion: 2
    m_Bits: 0
  m_ExcludeLayers:
    serializedVersion: 2
    m_Bits: 0
  m_LayerOverridePriority: 0
  m_ForceSendLayers:
    serializedVersion: 2
    m_Bits: 4294967295
  m_ForceReceiveLayers:
    serializedVersion: 2
    m_Bits: 4294967295
  m_ContactCaptureLayers:
    serializedVersion: 2
    m_Bits: 4294967295
  m_CallbackLayers:
    serializedVersion: 2
    m_Bits: 4294967295
  m_IsTrigger: 0
  m_UsedByEffector: 0
  m_UsedByComposite: 0
  m_Offset: {x: 0, y: 0}
  m_SpriteTilingProperty:
    border: {x: 0, y: 0, z: 0, w: 0}
    pivot: {x: 0.5, y: 0.5}
    oldSize: {x: 6.57, y: 11.34}
    newSize: {x: 6.57, y: 11.34}
    adaptiveTilingThreshold: 0.5
    drawMode: 0
    adaptiveTiling: 0
  m_AutoTiling: 0
  m_Points:
    m_Paths:
    - - {x: -1.415, y: -5.38}
      - {x: -1.4449999, y: -5.42}
      - {x: -1.4449999, y: -5.67}
      - {x: -0.955, y: -5.67}
      - {x: -0.935, y: -5.58}
      - {x: -0.905, y: -5.3599997}
      - {x: -0.905, y: -4.87}
      - {x: -0.84499997, y: -4.8199997}
      - {x: -0.835, y: -4.7}
      - {x: -0.295, y: -4.68}
      - {x: -0.295, y: -4.92}
      - {x: -0.21499999, y: -5.06}
      - {x: -0.16499999, y: -5.1099997}
      - {x: 0.185, y: -5.12}
      - {x: 0.305, y: -4.93}
      - {x: 0.295, y: -4.67}
      - {x: 0.875, y: -4.67}
      - {x: 0.85499996, y: -4.69}
      - {x: 0.85499996, y: -4.8199997}
      - {x: 0.91499996, y: -4.89}
      - {x: 0.905, y: -5.3199997}
      - {x: 0.92499995, y: -5.5499997}
      - {x: 0.945, y: -5.65}
      - {x: 0.965, y: -5.67}
      - {x: 1.4549999, y: -5.67}
      - {x: 1.4549999, y: -5.42}
      - {x: 1.685, y: -5.3399997}
      - {x: 1.5949999, y: -5.44}
      - {x: 1.5949999, y: -5.67}
      - {x: 2.225, y: -5.67}
      - {x: 2.2649999, y: -5.49}
      - {x: 2.2649999, y: -5.23}
      - {x: 2.2949998, y: -5.22}
      - {x: 2.315, y: -5.2}
      - {x: 2.325, y: -5.0899997}
      - {x: 2.2749999, y: -5.0699997}
      - {x: 2.315, y: -4.92}
      - {x: 2.325, y: -4.7999997}
      - {x: 2.2749999, y: -4.7799997}
      - {x: 2.315, y: -4.64}
      - {x: 2.325, y: -4.52}
      - {x: 2.455, y: -4.47}
      - {x: 2.495, y: -4.44}
      - {x: 2.485, y: -4.06}
      - {x: 2.375, y: -4.0299997}
      - {x: 2.325, y: -3.9599998}
      - {x: 2.2749999, y: -3.9399998}
      - {x: 2.2649999, y: -3.6999998}
      - {x: 2.2549999, y: -3.61}
      - {x: 2.185, y: -3.37}
      - {x: 2.0149999, y: -2.69}
      - {x: 2.455, y: -2.69}
      - {x: 2.475, y: -2.6699998}
      - {x: 2.5349998, y: -2.59}
      - {x: 2.5449998, y: -2.32}
      - {x: 2.585, y: -2.29}
      - {x: 2.595, y: -2.26}
      - {x: 2.605, y: -2.12}
      - {x: 3.2849998, y: -1.9399999}
      - {x: 3.2849998, y: -0.98999995}
      - {x: 3.2549999, y: -0.97999996}
      - {x: 2.595, y: -0.81}
      - {x: 2.595, y: -0.39}
      - {x: 2.5549998, y: -0.35}
      - {x: 2.435, y: -0.24}
      - {x: 1.8549999, y: 0.25}
      - {x: 1.8249999, y: 0.38}
      - {x: 1.9449999, y: 0.38}
      - {x: 1.9649999, y: 0.39999998}
      - {x: 2.0049999, y: 0.55}
      - {x: 2.085, y: 0.65999997}
      - {x: 2.065, y: 0.79999995}
      - {x: 2.065, y: 0.95}
      - {x: 2.055, y: 1.03}
      - {x: 1.9749999, y: 1.06}
      - {x: 1.9649999, y: 1.23}
      - {x: 1.9449999, y: 1.25}
      - {x: 1.8249999, y: 1.25}
      - {x: 1.8249999, y: 1.43}
      - {x: 1.795, y: 1.5}
      - {x: 1.7049999, y: 1.7199999}
      - {x: 1.475, y: 2.25}
      - {x: 1.385, y: 2.48}
      - {x: 1.225, y: 2.84}
      - {x: 0.955, y: 2.84}
      - {x: 0.935, y: 2.87}
      - {x: 0.92499995, y: 3.25}
      - {x: 0.875, y: 3.86}
      - {x: 0.98499995, y: 3.8999999}
      - {x: 1.0849999, y: 3.9399998}
      - {x: 1.0749999, y: 4.19}
      - {x: 1.055, y: 4.29}
      - {x: 1.035, y: 4.31}
      - {x: 0.84499997, y: 4.31}
      - {x: 0.84499997, y: 4.52}
      - {x: 0.815, y: 4.89}
      - {x: 0.765, y: 5.42}
      - {x: 0.72499996, y: 5.67}
      - {x: -0.715, y: 5.67}
      - {x: -0.72499996, y: 5.62}
      - {x: -0.78499997, y: 5.1}
      - {x: -0.815, y: 4.83}
      - {x: -0.835, y: 4.54}
      - {x: -0.85499996, y: 4.31}
      - {x: -1.025, y: 4.31}
      - {x: -1.045, y: 4.29}
      - {x: -1.055, y: 4.22}
      - {x: -1.0649999, y: 3.9399998}
      - {x: -1.045, y: 3.9099998}
      - {x: -0.91499996, y: 3.87}
      - {x: -0.865, y: 3.86}
      - {x: -0.895, y: 3.6499999}
      - {x: -0.905, y: 3.26}
      - {x: -0.91499996, y: 3.1299999}
      - {x: -0.92499995, y: 2.86}
      - {x: -1.2049999, y: 2.84}
      - {x: -1.225, y: 2.82}
      - {x: -1.275, y: 2.71}
      - {x: -1.765, y: 1.56}
      - {x: -1.8149999, y: 1.43}
      - {x: -1.9549999, y: 1.23}
      - {x: -2.0049999, y: 1.06}
      - {x: -2.075, y: 0.96}
      - {x: -2.065, y: 0.77}
      - {x: -2.055, y: 0.66999996}
      - {x: -2.0349998, y: 0.59}
      - {x: -1.9649999, y: 0.55}
      - {x: -1.9549999, y: 0.39999998}
      - {x: -1.935, y: 0.38}
      - {x: -1.8449999, y: 0.25}
      - {x: -2.5149999, y: -0.31}
      - {x: -2.595, y: -0.39999998}
      - {x: -2.595, y: -0.82}
      - {x: -3.0049999, y: -0.91999996}
      - {x: -3.2849998, y: -0.98999995}
      - {x: -3.2849998, y: -1.9399999}
      - {x: -3.2749999, y: -1.9399999}
      - {x: -2.595, y: -2.11}
      - {x: -2.595, y: -2.26}
      - {x: -2.575, y: -2.28}
      - {x: -2.5349998, y: -2.33}
      - {x: -2.5449998, y: -2.59}
      - {x: -2.475, y: -2.69}
      - {x: -2.0149999, y: -2.69}
      - {x: -2.195, y: -3.4299998}
      - {x: -2.315, y: -3.9399998}
      - {x: -2.465, y: -4.0499997}
      - {x: -2.475, y: -4.0899997}
      - {x: -2.475, y: -4.43}
      - {x: -2.445, y: -4.46}
      - {x: -2.315, y: -4.5299997}
      - {x: -2.325, y: -4.65}
      - {x: -2.2749999, y: -4.67}
      - {x: -2.315, y: -4.81}
      - {x: -2.325, y: -4.93}
      - {x: -2.2849998, y: -4.96}
      - {x: -2.335, y: -5.22}
      - {x: -2.2749999, y: -5.23}
      - {x: -2.2649999, y: -5.3199997}
      - {x: -2.235, y: -5.58}
      - {x: -2.215, y: -5.67}
      - {x: -1.5949999, y: -5.67}
      - {x: -1.5949999, y: -5.43}
      - {x: -1.675, y: -5.3399997}
      - {x: -1.365, y: -5.3399997}
    - - {x: -0.895, y: -3.26}
      - {x: -0.91499996, y: -3.06}
      - {x: -0.97499996, y: -2.71}
      - {x: -1.045, y: -2.37}
      - {x: -1.0749999, y: -2.35}
      - {x: -1.305, y: -2.35}
      - {x: -1.295, y: -2}
      - {x: -1.245, y: -1.9599999}
      - {x: -1.245, y: -0.41}
      - {x: -1.105, y: -0.32999998}
      - {x: -0.935, y: -0.22}
      - {x: -0.935, y: -0.45}
      - {x: -0.875, y: -1.0699999}
      - {x: -0.85499996, y: -1.4399999}
      - {x: -0.835, y: -1.7099999}
      - {x: -0.875, y: -2.02}
      - {x: -0.885, y: -2.05}
      - {x: -0.885, y: -2.9399998}
      - {x: -0.815, y: -3.02}
      - {x: -0.815, y: -3.32}
      - {x: -0.765, y: -3.6399999}
      - {x: -0.73499995, y: -3.81}
      - {x: -0.895, y: -3.81}
    - - {x: 0.765, y: -3.75}
      - {x: 0.805, y: -3.5}
      - {x: 0.825, y: -3.3}
      - {x: 0.895, y: -2.9299998}
      - {x: 0.895, y: -2.05}
      - {x: 0.825, y: -1.9599999}
      - {x: 0.835, y: -1.5999999}
      - {x: 0.885, y: -1.05}
      - {x: 0.935, y: -0.42}
      - {x: 0.935, y: -0.22}
      - {x: 1.035, y: -0.28}
      - {x: 1.175, y: -0.37}
      - {x: 1.245, y: -0.39999998}
      - {x: 1.245, y: -1.9499999}
      - {x: 1.285, y: -1.99}
      - {x: 1.3149999, y: -2}
      - {x: 1.3149999, y: -2.35}
      - {x: 1.0749999, y: -2.35}
      - {x: 1.045, y: -2.37}
      - {x: 0.92499995, y: -3.11}
      - {x: 0.905, y: -3.25}
      - {x: 0.905, y: -3.81}
      - {x: 0.73499995, y: -3.81}
  m_UseDelaunayMesh: 0
--- !u!1 &4586300746477216177
GameObject:
  m_ObjectHideFlags: 0
  m_CorrespondingSourceObject: {fileID: 0}
  m_PrefabInstance: {fileID: 0}
  m_PrefabAsset: {fileID: 0}
  serializedVersion: 6
  m_Component:
  - component: {fileID: 5196429714866501480}
  - component: {fileID: 2833843398495405948}
  - component: {fileID: 6860049370233908151}
  m_Layer: 0
  m_Name: 2DScifiFrigateCorsairTopViewBlue
  m_TagString: Untagged
  m_Icon: {fileID: 0}
  m_NavMeshLayer: 0
  m_StaticEditorFlags: 0
  m_IsActive: 1
--- !u!4 &5196429714866501480
Transform:
  m_ObjectHideFlags: 0
  m_CorrespondingSourceObject: {fileID: 0}
  m_PrefabInstance: {fileID: 0}
  m_PrefabAsset: {fileID: 0}
  m_GameObject: {fileID: 4586300746477216177}
  serializedVersion: 2
  m_LocalRotation: {x: -0, y: -0, z: -0, w: 1}
  m_LocalPosition: {x: 0, y: 0, z: 0}
  m_LocalScale: {x: 1, y: 1, z: 1}
  m_ConstrainProportionsScale: 0
  m_Children: []
  m_Father: {fileID: 2906260405829512196}
  m_LocalEulerAnglesHint: {x: 0, y: 0, z: 0}
--- !u!212 &2833843398495405948
SpriteRenderer:
  m_ObjectHideFlags: 0
  m_CorrespondingSourceObject: {fileID: 0}
  m_PrefabInstance: {fileID: 0}
  m_PrefabAsset: {fileID: 0}
  m_GameObject: {fileID: 4586300746477216177}
  m_Enabled: 1
  m_CastShadows: 0
  m_ReceiveShadows: 0
  m_DynamicOccludee: 1
  m_StaticShadowCaster: 0
  m_MotionVectors: 1
  m_LightProbeUsage: 1
  m_ReflectionProbeUsage: 1
  m_RayTracingMode: 0
  m_RayTraceProcedural: 0
  m_RenderingLayerMask: 4294967295
  m_RendererPriority: 0
  m_Materials:
  - {fileID: 10754, guid: 0000000000000000f000000000000000, type: 0}
  m_StaticBatchInfo:
    firstSubMesh: 0
    subMeshCount: 0
  m_StaticBatchRoot: {fileID: 0}
  m_ProbeAnchor: {fileID: 0}
  m_LightProbeVolumeOverride: {fileID: 0}
  m_ScaleInLightmap: 1
  m_ReceiveGI: 1
  m_PreserveUVs: 0
  m_IgnoreNormalsForChartDetection: 0
  m_ImportantGI: 0
  m_StitchLightmapSeams: 0
  m_SelectedEditorRenderState: 0
  m_MinimumChartSize: 4
  m_AutoUVMaxDistance: 0.5
  m_AutoUVMaxAngle: 89
  m_LightmapParameters: {fileID: 0}
  m_SortingLayerID: -103832621
  m_SortingLayer: 0
  m_SortingOrder: 1
  m_Sprite: {fileID: 21300002, guid: c4d8ed7c5adcd0e489c81b34c69fa753, type: 3}
  m_Color: {r: 1, g: 1, b: 1, a: 1}
  m_FlipX: 0
  m_FlipY: 0
  m_DrawMode: 0
  m_Size: {x: 6.57, y: 11.34}
  m_AdaptiveModeThreshold: 0.5
  m_SpriteTileMode: 0
  m_WasSpriteAssigned: 1
  m_MaskInteraction: 0
  m_SpriteSortPoint: 0
--- !u!60 &6860049370233908151
PolygonCollider2D:
  m_ObjectHideFlags: 0
  m_CorrespondingSourceObject: {fileID: 0}
  m_PrefabInstance: {fileID: 0}
  m_PrefabAsset: {fileID: 0}
  m_GameObject: {fileID: 4586300746477216177}
  m_Enabled: 1
  m_Density: 1
  m_Material: {fileID: 0}
  m_IncludeLayers:
    serializedVersion: 2
    m_Bits: 0
  m_ExcludeLayers:
    serializedVersion: 2
    m_Bits: 0
  m_LayerOverridePriority: 0
  m_ForceSendLayers:
    serializedVersion: 2
    m_Bits: 4294967295
  m_ForceReceiveLayers:
    serializedVersion: 2
    m_Bits: 4294967295
  m_ContactCaptureLayers:
    serializedVersion: 2
    m_Bits: 4294967295
  m_CallbackLayers:
    serializedVersion: 2
    m_Bits: 4294967295
  m_IsTrigger: 0
  m_UsedByEffector: 0
  m_UsedByComposite: 0
  m_Offset: {x: 0, y: 0}
  m_SpriteTilingProperty:
    border: {x: 0, y: 0, z: 0, w: 0}
    pivot: {x: 0.5, y: 0.5}
    oldSize: {x: 6.57, y: 11.34}
    newSize: {x: 6.57, y: 11.34}
    adaptiveTilingThreshold: 0.5
    drawMode: 0
    adaptiveTiling: 0
  m_AutoTiling: 0
  m_Points:
    m_Paths:
    - - {x: -1.415, y: -5.38}
      - {x: -1.4449999, y: -5.42}
      - {x: -1.4449999, y: -5.67}
      - {x: -0.955, y: -5.67}
      - {x: -0.935, y: -5.58}
      - {x: -0.905, y: -5.3599997}
      - {x: -0.905, y: -4.87}
      - {x: -0.84499997, y: -4.8199997}
      - {x: -0.835, y: -4.7}
      - {x: -0.295, y: -4.68}
      - {x: -0.295, y: -4.92}
      - {x: -0.21499999, y: -5.06}
      - {x: -0.16499999, y: -5.1099997}
      - {x: 0.185, y: -5.12}
      - {x: 0.305, y: -4.93}
      - {x: 0.295, y: -4.67}
      - {x: 0.875, y: -4.67}
      - {x: 0.85499996, y: -4.69}
      - {x: 0.85499996, y: -4.8199997}
      - {x: 0.91499996, y: -4.89}
      - {x: 0.905, y: -5.3199997}
      - {x: 0.92499995, y: -5.5499997}
      - {x: 0.945, y: -5.65}
      - {x: 0.965, y: -5.67}
      - {x: 1.4549999, y: -5.67}
      - {x: 1.4549999, y: -5.42}
      - {x: 1.685, y: -5.3399997}
      - {x: 1.5949999, y: -5.44}
      - {x: 1.5949999, y: -5.67}
      - {x: 2.225, y: -5.67}
      - {x: 2.2649999, y: -5.49}
      - {x: 2.2649999, y: -5.23}
      - {x: 2.2949998, y: -5.22}
      - {x: 2.315, y: -5.2}
      - {x: 2.325, y: -5.0899997}
      - {x: 2.2749999, y: -5.0699997}
      - {x: 2.315, y: -4.92}
      - {x: 2.325, y: -4.7999997}
      - {x: 2.2749999, y: -4.7799997}
      - {x: 2.315, y: -4.64}
      - {x: 2.325, y: -4.52}
      - {x: 2.455, y: -4.47}
      - {x: 2.495, y: -4.44}
      - {x: 2.485, y: -4.06}
      - {x: 2.375, y: -4.0299997}
      - {x: 2.325, y: -3.9599998}
      - {x: 2.2749999, y: -3.9399998}
      - {x: 2.2649999, y: -3.6999998}
      - {x: 2.2549999, y: -3.61}
      - {x: 2.185, y: -3.37}
      - {x: 2.0149999, y: -2.69}
      - {x: 2.455, y: -2.69}
      - {x: 2.475, y: -2.6699998}
      - {x: 2.5349998, y: -2.59}
      - {x: 2.5449998, y: -2.32}
      - {x: 2.585, y: -2.29}
      - {x: 2.595, y: -2.26}
      - {x: 2.605, y: -2.12}
      - {x: 3.2849998, y: -1.9399999}
      - {x: 3.2849998, y: -0.98999995}
      - {x: 3.2549999, y: -0.97999996}
      - {x: 2.595, y: -0.81}
      - {x: 2.595, y: -0.39}
      - {x: 2.5549998, y: -0.35}
      - {x: 2.435, y: -0.24}
      - {x: 1.8549999, y: 0.25}
      - {x: 1.8249999, y: 0.38}
      - {x: 1.9449999, y: 0.38}
      - {x: 1.9649999, y: 0.39999998}
      - {x: 2.0049999, y: 0.55}
      - {x: 2.085, y: 0.65999997}
      - {x: 2.065, y: 0.79999995}
      - {x: 2.065, y: 0.95}
      - {x: 2.055, y: 1.03}
      - {x: 1.9749999, y: 1.06}
      - {x: 1.9649999, y: 1.23}
      - {x: 1.9449999, y: 1.25}
      - {x: 1.8249999, y: 1.25}
      - {x: 1.8249999, y: 1.43}
      - {x: 1.795, y: 1.5}
      - {x: 1.7049999, y: 1.7199999}
      - {x: 1.475, y: 2.25}
      - {x: 1.385, y: 2.48}
      - {x: 1.225, y: 2.84}
      - {x: 0.955, y: 2.84}
      - {x: 0.935, y: 2.87}
      - {x: 0.92499995, y: 3.25}
      - {x: 0.875, y: 3.86}
      - {x: 0.98499995, y: 3.8999999}
      - {x: 1.0849999, y: 3.9399998}
      - {x: 1.0749999, y: 4.19}
      - {x: 1.055, y: 4.29}
      - {x: 1.035, y: 4.31}
      - {x: 0.84499997, y: 4.31}
      - {x: 0.84499997, y: 4.52}
      - {x: 0.815, y: 4.89}
      - {x: 0.765, y: 5.42}
      - {x: 0.72499996, y: 5.67}
      - {x: -0.715, y: 5.67}
      - {x: -0.72499996, y: 5.62}
      - {x: -0.78499997, y: 5.1}
      - {x: -0.815, y: 4.83}
      - {x: -0.835, y: 4.54}
      - {x: -0.85499996, y: 4.31}
      - {x: -1.025, y: 4.31}
      - {x: -1.045, y: 4.29}
      - {x: -1.055, y: 4.22}
      - {x: -1.0649999, y: 3.9399998}
      - {x: -1.045, y: 3.9099998}
      - {x: -0.91499996, y: 3.87}
      - {x: -0.865, y: 3.86}
      - {x: -0.895, y: 3.6499999}
      - {x: -0.905, y: 3.26}
      - {x: -0.91499996, y: 3.1299999}
      - {x: -0.92499995, y: 2.86}
      - {x: -1.2049999, y: 2.84}
      - {x: -1.225, y: 2.82}
      - {x: -1.275, y: 2.71}
      - {x: -1.765, y: 1.56}
      - {x: -1.8149999, y: 1.43}
      - {x: -1.9549999, y: 1.23}
      - {x: -2.0049999, y: 1.06}
      - {x: -2.075, y: 0.96}
      - {x: -2.065, y: 0.77}
      - {x: -2.055, y: 0.66999996}
      - {x: -2.0349998, y: 0.59}
      - {x: -1.9649999, y: 0.55}
      - {x: -1.9549999, y: 0.39999998}
      - {x: -1.935, y: 0.38}
      - {x: -1.8449999, y: 0.25}
      - {x: -2.5149999, y: -0.31}
      - {x: -2.595, y: -0.39999998}
      - {x: -2.595, y: -0.82}
      - {x: -3.0049999, y: -0.91999996}
      - {x: -3.2849998, y: -0.98999995}
      - {x: -3.2849998, y: -1.9399999}
      - {x: -3.2749999, y: -1.9399999}
      - {x: -2.595, y: -2.11}
      - {x: -2.595, y: -2.26}
      - {x: -2.575, y: -2.28}
      - {x: -2.5349998, y: -2.33}
      - {x: -2.5449998, y: -2.59}
      - {x: -2.475, y: -2.69}
      - {x: -2.0149999, y: -2.69}
      - {x: -2.195, y: -3.4299998}
      - {x: -2.315, y: -3.9399998}
      - {x: -2.465, y: -4.0499997}
      - {x: -2.475, y: -4.0899997}
      - {x: -2.475, y: -4.43}
      - {x: -2.445, y: -4.46}
      - {x: -2.315, y: -4.5299997}
      - {x: -2.325, y: -4.65}
      - {x: -2.2749999, y: -4.67}
      - {x: -2.315, y: -4.81}
      - {x: -2.325, y: -4.93}
      - {x: -2.2849998, y: -4.96}
      - {x: -2.335, y: -5.22}
      - {x: -2.2749999, y: -5.23}
      - {x: -2.2649999, y: -5.3199997}
      - {x: -2.235, y: -5.58}
      - {x: -2.215, y: -5.67}
      - {x: -1.5949999, y: -5.67}
      - {x: -1.5949999, y: -5.43}
      - {x: -1.675, y: -5.3399997}
      - {x: -1.365, y: -5.3399997}
    - - {x: -0.895, y: -3.26}
      - {x: -0.91499996, y: -3.06}
      - {x: -0.97499996, y: -2.71}
      - {x: -1.045, y: -2.37}
      - {x: -1.0749999, y: -2.35}
      - {x: -1.305, y: -2.35}
      - {x: -1.295, y: -2}
      - {x: -1.245, y: -1.9599999}
      - {x: -1.245, y: -0.41}
      - {x: -1.105, y: -0.32999998}
      - {x: -0.935, y: -0.22}
      - {x: -0.935, y: -0.45}
      - {x: -0.875, y: -1.0699999}
      - {x: -0.85499996, y: -1.4399999}
      - {x: -0.835, y: -1.7099999}
      - {x: -0.875, y: -2.02}
      - {x: -0.885, y: -2.05}
      - {x: -0.885, y: -2.9399998}
      - {x: -0.815, y: -3.02}
      - {x: -0.815, y: -3.32}
      - {x: -0.765, y: -3.6399999}
      - {x: -0.73499995, y: -3.81}
      - {x: -0.895, y: -3.81}
    - - {x: 0.765, y: -3.75}
      - {x: 0.805, y: -3.5}
      - {x: 0.825, y: -3.3}
      - {x: 0.895, y: -2.9299998}
      - {x: 0.895, y: -2.05}
      - {x: 0.825, y: -1.9599999}
      - {x: 0.835, y: -1.5999999}
      - {x: 0.885, y: -1.05}
      - {x: 0.935, y: -0.42}
      - {x: 0.935, y: -0.22}
      - {x: 1.035, y: -0.28}
      - {x: 1.175, y: -0.37}
      - {x: 1.245, y: -0.39999998}
      - {x: 1.245, y: -1.9499999}
      - {x: 1.285, y: -1.99}
      - {x: 1.3149999, y: -2}
      - {x: 1.3149999, y: -2.35}
      - {x: 1.0749999, y: -2.35}
      - {x: 1.045, y: -2.37}
      - {x: 0.92499995, y: -3.11}
      - {x: 0.905, y: -3.25}
      - {x: 0.905, y: -3.81}
      - {x: 0.73499995, y: -3.81}
  m_UseDelaunayMesh: 0
--- !u!1 &4942611985389661926
GameObject:
  m_ObjectHideFlags: 0
  m_CorrespondingSourceObject: {fileID: 0}
  m_PrefabInstance: {fileID: 0}
  m_PrefabAsset: {fileID: 0}
  serializedVersion: 6
  m_Component:
  - component: {fileID: 7127250024321688064}
  - component: {fileID: 6666379873709421124}
  m_Layer: 0
  m_Name: 2DShipsTurretMediumTopView (1)
  m_TagString: Untagged
  m_Icon: {fileID: 0}
  m_NavMeshLayer: 0
  m_StaticEditorFlags: 0
  m_IsActive: 1
--- !u!4 &7127250024321688064
Transform:
  m_ObjectHideFlags: 0
  m_CorrespondingSourceObject: {fileID: 0}
  m_PrefabInstance: {fileID: 0}
  m_PrefabAsset: {fileID: 0}
  m_GameObject: {fileID: 4942611985389661926}
  serializedVersion: 2
  m_LocalRotation: {x: -0, y: -0, z: -0, w: 1}
  m_LocalPosition: {x: 2.05, y: -1.17, z: 0}
  m_LocalScale: {x: 0.5, y: 0.5, z: 0.5}
  m_ConstrainProportionsScale: 0
  m_Children: []
  m_Father: {fileID: 9101760831303936765}
  m_LocalEulerAnglesHint: {x: 0, y: 0, z: 0}
--- !u!212 &6666379873709421124
SpriteRenderer:
  m_ObjectHideFlags: 0
  m_CorrespondingSourceObject: {fileID: 0}
  m_PrefabInstance: {fileID: 0}
  m_PrefabAsset: {fileID: 0}
  m_GameObject: {fileID: 4942611985389661926}
  m_Enabled: 1
  m_CastShadows: 0
  m_ReceiveShadows: 0
  m_DynamicOccludee: 1
  m_StaticShadowCaster: 0
  m_MotionVectors: 1
  m_LightProbeUsage: 1
  m_ReflectionProbeUsage: 1
  m_RayTracingMode: 0
  m_RayTraceProcedural: 0
  m_RenderingLayerMask: 4294967295
  m_RendererPriority: 0
  m_Materials:
  - {fileID: 10754, guid: 0000000000000000f000000000000000, type: 0}
  m_StaticBatchInfo:
    firstSubMesh: 0
    subMeshCount: 0
  m_StaticBatchRoot: {fileID: 0}
  m_ProbeAnchor: {fileID: 0}
  m_LightProbeVolumeOverride: {fileID: 0}
  m_ScaleInLightmap: 1
  m_ReceiveGI: 1
  m_PreserveUVs: 0
  m_IgnoreNormalsForChartDetection: 0
  m_ImportantGI: 0
  m_StitchLightmapSeams: 0
  m_SelectedEditorRenderState: 0
  m_MinimumChartSize: 4
  m_AutoUVMaxDistance: 0.5
  m_AutoUVMaxAngle: 89
  m_LightmapParameters: {fileID: 0}
  m_SortingLayerID: 259102323
  m_SortingLayer: 0
  m_SortingOrder: 1
  m_Sprite: {fileID: 21300008, guid: ea47199b715e6c047909c1486562c340, type: 3}
  m_Color: {r: 1, g: 1, b: 1, a: 1}
  m_FlipX: 0
  m_FlipY: 0
  m_DrawMode: 0
  m_Size: {x: 1.33, y: 3}
  m_AdaptiveModeThreshold: 0.5
  m_SpriteTileMode: 0
  m_WasSpriteAssigned: 1
  m_MaskInteraction: 0
  m_SpriteSortPoint: 0
--- !u!1 &7469635945947811263
GameObject:
  m_ObjectHideFlags: 0
  m_CorrespondingSourceObject: {fileID: 0}
  m_PrefabInstance: {fileID: 0}
  m_PrefabAsset: {fileID: 0}
  serializedVersion: 6
  m_Component:
  - component: {fileID: 7355385884256381339}
  - component: {fileID: 7877279638077360312}
  - component: {fileID: 1931490884784009354}
  m_Layer: 0
  m_Name: 2DScifiFrigateCorsairTopViewGreen
  m_TagString: Untagged
  m_Icon: {fileID: 0}
  m_NavMeshLayer: 0
  m_StaticEditorFlags: 0
  m_IsActive: 0
--- !u!4 &7355385884256381339
Transform:
  m_ObjectHideFlags: 0
  m_CorrespondingSourceObject: {fileID: 0}
  m_PrefabInstance: {fileID: 0}
  m_PrefabAsset: {fileID: 0}
  m_GameObject: {fileID: 7469635945947811263}
  serializedVersion: 2
  m_LocalRotation: {x: -0, y: -0, z: -0, w: 1}
  m_LocalPosition: {x: 0, y: 0, z: 0}
  m_LocalScale: {x: 1, y: 1, z: 1}
  m_ConstrainProportionsScale: 0
  m_Children: []
  m_Father: {fileID: 2906260405829512196}
  m_LocalEulerAnglesHint: {x: 0, y: 0, z: 0}
--- !u!212 &7877279638077360312
SpriteRenderer:
  m_ObjectHideFlags: 0
  m_CorrespondingSourceObject: {fileID: 0}
  m_PrefabInstance: {fileID: 0}
  m_PrefabAsset: {fileID: 0}
  m_GameObject: {fileID: 7469635945947811263}
  m_Enabled: 1
  m_CastShadows: 0
  m_ReceiveShadows: 0
  m_DynamicOccludee: 1
  m_StaticShadowCaster: 0
  m_MotionVectors: 1
  m_LightProbeUsage: 1
  m_ReflectionProbeUsage: 1
  m_RayTracingMode: 0
  m_RayTraceProcedural: 0
  m_RenderingLayerMask: 4294967295
  m_RendererPriority: 0
  m_Materials:
  - {fileID: 10754, guid: 0000000000000000f000000000000000, type: 0}
  m_StaticBatchInfo:
    firstSubMesh: 0
    subMeshCount: 0
  m_StaticBatchRoot: {fileID: 0}
  m_ProbeAnchor: {fileID: 0}
  m_LightProbeVolumeOverride: {fileID: 0}
  m_ScaleInLightmap: 1
  m_ReceiveGI: 1
  m_PreserveUVs: 0
  m_IgnoreNormalsForChartDetection: 0
  m_ImportantGI: 0
  m_StitchLightmapSeams: 0
  m_SelectedEditorRenderState: 0
  m_MinimumChartSize: 4
  m_AutoUVMaxDistance: 0.5
  m_AutoUVMaxAngle: 89
  m_LightmapParameters: {fileID: 0}
  m_SortingLayerID: -103832621
  m_SortingLayer: 0
  m_SortingOrder: 1
  m_Sprite: {fileID: 21300002, guid: 3e47ec619440c7441a65da8dfbb269f3, type: 3}
  m_Color: {r: 1, g: 1, b: 1, a: 1}
  m_FlipX: 0
  m_FlipY: 0
  m_DrawMode: 0
  m_Size: {x: 6.57, y: 11.34}
  m_AdaptiveModeThreshold: 0.5
  m_SpriteTileMode: 0
  m_WasSpriteAssigned: 1
  m_MaskInteraction: 0
  m_SpriteSortPoint: 0
--- !u!60 &1931490884784009354
PolygonCollider2D:
  m_ObjectHideFlags: 0
  m_CorrespondingSourceObject: {fileID: 0}
  m_PrefabInstance: {fileID: 0}
  m_PrefabAsset: {fileID: 0}
  m_GameObject: {fileID: 7469635945947811263}
  m_Enabled: 1
  m_Density: 1
  m_Material: {fileID: 0}
  m_IncludeLayers:
    serializedVersion: 2
    m_Bits: 0
  m_ExcludeLayers:
    serializedVersion: 2
    m_Bits: 0
  m_LayerOverridePriority: 0
  m_ForceSendLayers:
    serializedVersion: 2
    m_Bits: 4294967295
  m_ForceReceiveLayers:
    serializedVersion: 2
    m_Bits: 4294967295
  m_ContactCaptureLayers:
    serializedVersion: 2
    m_Bits: 4294967295
  m_CallbackLayers:
    serializedVersion: 2
    m_Bits: 4294967295
  m_IsTrigger: 0
  m_UsedByEffector: 0
  m_UsedByComposite: 0
  m_Offset: {x: 0, y: 0}
  m_SpriteTilingProperty:
    border: {x: 0, y: 0, z: 0, w: 0}
    pivot: {x: 0.5, y: 0.5}
    oldSize: {x: 6.57, y: 11.34}
    newSize: {x: 6.57, y: 11.34}
    adaptiveTilingThreshold: 0.5
    drawMode: 0
    adaptiveTiling: 0
  m_AutoTiling: 0
  m_Points:
    m_Paths:
    - - {x: -1.415, y: -5.38}
      - {x: -1.4449999, y: -5.42}
      - {x: -1.4449999, y: -5.67}
      - {x: -0.955, y: -5.67}
      - {x: -0.935, y: -5.58}
      - {x: -0.905, y: -5.3599997}
      - {x: -0.905, y: -4.87}
      - {x: -0.84499997, y: -4.8199997}
      - {x: -0.835, y: -4.7}
      - {x: -0.295, y: -4.68}
      - {x: -0.295, y: -4.92}
      - {x: -0.21499999, y: -5.06}
      - {x: -0.16499999, y: -5.1099997}
      - {x: 0.185, y: -5.12}
      - {x: 0.305, y: -4.93}
      - {x: 0.295, y: -4.67}
      - {x: 0.875, y: -4.67}
      - {x: 0.85499996, y: -4.69}
      - {x: 0.85499996, y: -4.8199997}
      - {x: 0.91499996, y: -4.89}
      - {x: 0.905, y: -5.3199997}
      - {x: 0.92499995, y: -5.5499997}
      - {x: 0.945, y: -5.65}
      - {x: 0.965, y: -5.67}
      - {x: 1.4549999, y: -5.67}
      - {x: 1.4549999, y: -5.42}
      - {x: 1.685, y: -5.3399997}
      - {x: 1.5949999, y: -5.44}
      - {x: 1.5949999, y: -5.67}
      - {x: 2.225, y: -5.67}
      - {x: 2.2649999, y: -5.49}
      - {x: 2.2649999, y: -5.23}
      - {x: 2.2949998, y: -5.22}
      - {x: 2.315, y: -5.2}
      - {x: 2.325, y: -5.0899997}
      - {x: 2.2749999, y: -5.0699997}
      - {x: 2.315, y: -4.92}
      - {x: 2.325, y: -4.7999997}
      - {x: 2.2749999, y: -4.7799997}
      - {x: 2.315, y: -4.64}
      - {x: 2.325, y: -4.52}
      - {x: 2.455, y: -4.47}
      - {x: 2.495, y: -4.44}
      - {x: 2.485, y: -4.06}
      - {x: 2.375, y: -4.0299997}
      - {x: 2.325, y: -3.9599998}
      - {x: 2.2749999, y: -3.9399998}
      - {x: 2.2649999, y: -3.6999998}
      - {x: 2.2549999, y: -3.61}
      - {x: 2.185, y: -3.37}
      - {x: 2.0149999, y: -2.69}
      - {x: 2.455, y: -2.69}
      - {x: 2.475, y: -2.6699998}
      - {x: 2.5349998, y: -2.59}
      - {x: 2.5449998, y: -2.32}
      - {x: 2.585, y: -2.29}
      - {x: 2.595, y: -2.26}
      - {x: 2.605, y: -2.12}
      - {x: 3.2849998, y: -1.9399999}
      - {x: 3.2849998, y: -0.98999995}
      - {x: 3.2549999, y: -0.97999996}
      - {x: 2.595, y: -0.81}
      - {x: 2.595, y: -0.39}
      - {x: 2.5549998, y: -0.35}
      - {x: 2.435, y: -0.24}
      - {x: 1.8549999, y: 0.25}
      - {x: 1.8249999, y: 0.38}
      - {x: 1.9449999, y: 0.38}
      - {x: 1.9649999, y: 0.39999998}
      - {x: 2.0049999, y: 0.55}
      - {x: 2.085, y: 0.65999997}
      - {x: 2.065, y: 0.79999995}
      - {x: 2.065, y: 0.95}
      - {x: 2.055, y: 1.03}
      - {x: 1.9749999, y: 1.06}
      - {x: 1.9649999, y: 1.23}
      - {x: 1.9449999, y: 1.25}
      - {x: 1.8249999, y: 1.25}
      - {x: 1.8249999, y: 1.43}
      - {x: 1.795, y: 1.5}
      - {x: 1.7049999, y: 1.7199999}
      - {x: 1.475, y: 2.25}
      - {x: 1.385, y: 2.48}
      - {x: 1.225, y: 2.84}
      - {x: 0.955, y: 2.84}
      - {x: 0.935, y: 2.87}
      - {x: 0.92499995, y: 3.25}
      - {x: 0.875, y: 3.86}
      - {x: 0.98499995, y: 3.8999999}
      - {x: 1.0849999, y: 3.9399998}
      - {x: 1.0749999, y: 4.19}
      - {x: 1.055, y: 4.29}
      - {x: 1.035, y: 4.31}
      - {x: 0.84499997, y: 4.31}
      - {x: 0.84499997, y: 4.52}
      - {x: 0.815, y: 4.89}
      - {x: 0.765, y: 5.42}
      - {x: 0.72499996, y: 5.67}
      - {x: -0.715, y: 5.67}
      - {x: -0.72499996, y: 5.62}
      - {x: -0.78499997, y: 5.1}
      - {x: -0.815, y: 4.83}
      - {x: -0.835, y: 4.54}
      - {x: -0.85499996, y: 4.31}
      - {x: -1.025, y: 4.31}
      - {x: -1.045, y: 4.29}
      - {x: -1.055, y: 4.22}
      - {x: -1.0649999, y: 3.9399998}
      - {x: -1.045, y: 3.9099998}
      - {x: -0.91499996, y: 3.87}
      - {x: -0.865, y: 3.86}
      - {x: -0.895, y: 3.6499999}
      - {x: -0.905, y: 3.26}
      - {x: -0.91499996, y: 3.1299999}
      - {x: -0.92499995, y: 2.86}
      - {x: -1.2049999, y: 2.84}
      - {x: -1.225, y: 2.82}
      - {x: -1.275, y: 2.71}
      - {x: -1.765, y: 1.56}
      - {x: -1.8149999, y: 1.43}
      - {x: -1.9549999, y: 1.23}
      - {x: -2.0049999, y: 1.06}
      - {x: -2.075, y: 0.96}
      - {x: -2.065, y: 0.77}
      - {x: -2.055, y: 0.66999996}
      - {x: -2.0349998, y: 0.59}
      - {x: -1.9649999, y: 0.55}
      - {x: -1.9549999, y: 0.39999998}
      - {x: -1.935, y: 0.38}
      - {x: -1.8449999, y: 0.25}
      - {x: -2.5149999, y: -0.31}
      - {x: -2.595, y: -0.39999998}
      - {x: -2.595, y: -0.82}
      - {x: -3.0049999, y: -0.91999996}
      - {x: -3.2849998, y: -0.98999995}
      - {x: -3.2849998, y: -1.9399999}
      - {x: -3.2749999, y: -1.9399999}
      - {x: -2.595, y: -2.11}
      - {x: -2.595, y: -2.26}
      - {x: -2.575, y: -2.28}
      - {x: -2.5349998, y: -2.33}
      - {x: -2.5449998, y: -2.59}
      - {x: -2.475, y: -2.69}
      - {x: -2.0149999, y: -2.69}
      - {x: -2.195, y: -3.4299998}
      - {x: -2.315, y: -3.9399998}
      - {x: -2.465, y: -4.0499997}
      - {x: -2.475, y: -4.0899997}
      - {x: -2.475, y: -4.43}
      - {x: -2.445, y: -4.46}
      - {x: -2.315, y: -4.5299997}
      - {x: -2.325, y: -4.65}
      - {x: -2.2749999, y: -4.67}
      - {x: -2.315, y: -4.81}
      - {x: -2.325, y: -4.93}
      - {x: -2.2849998, y: -4.96}
      - {x: -2.335, y: -5.22}
      - {x: -2.2749999, y: -5.23}
      - {x: -2.2649999, y: -5.3199997}
      - {x: -2.235, y: -5.58}
      - {x: -2.215, y: -5.67}
      - {x: -1.5949999, y: -5.67}
      - {x: -1.5949999, y: -5.43}
      - {x: -1.675, y: -5.3399997}
      - {x: -1.365, y: -5.3399997}
    - - {x: -0.895, y: -3.26}
      - {x: -0.91499996, y: -3.06}
      - {x: -0.97499996, y: -2.71}
      - {x: -1.045, y: -2.37}
      - {x: -1.0749999, y: -2.35}
      - {x: -1.305, y: -2.35}
      - {x: -1.295, y: -2}
      - {x: -1.245, y: -1.9599999}
      - {x: -1.245, y: -0.41}
      - {x: -1.105, y: -0.32999998}
      - {x: -0.935, y: -0.22}
      - {x: -0.935, y: -0.45}
      - {x: -0.875, y: -1.0699999}
      - {x: -0.85499996, y: -1.4399999}
      - {x: -0.835, y: -1.7099999}
      - {x: -0.875, y: -2.02}
      - {x: -0.885, y: -2.05}
      - {x: -0.885, y: -2.9399998}
      - {x: -0.815, y: -3.02}
      - {x: -0.815, y: -3.32}
      - {x: -0.765, y: -3.6399999}
      - {x: -0.73499995, y: -3.81}
      - {x: -0.895, y: -3.81}
    - - {x: 0.765, y: -3.75}
      - {x: 0.805, y: -3.5}
      - {x: 0.825, y: -3.3}
      - {x: 0.895, y: -2.9299998}
      - {x: 0.895, y: -2.05}
      - {x: 0.825, y: -1.9599999}
      - {x: 0.835, y: -1.5999999}
      - {x: 0.885, y: -1.05}
      - {x: 0.935, y: -0.42}
      - {x: 0.935, y: -0.22}
      - {x: 1.035, y: -0.28}
      - {x: 1.175, y: -0.37}
      - {x: 1.245, y: -0.39999998}
      - {x: 1.245, y: -1.9499999}
      - {x: 1.285, y: -1.99}
      - {x: 1.3149999, y: -2}
      - {x: 1.3149999, y: -2.35}
      - {x: 1.0749999, y: -2.35}
      - {x: 1.045, y: -2.37}
      - {x: 0.92499995, y: -3.11}
      - {x: 0.905, y: -3.25}
      - {x: 0.905, y: -3.81}
      - {x: 0.73499995, y: -3.81}
  m_UseDelaunayMesh: 0
--- !u!1 &7513633691078718447
GameObject:
  m_ObjectHideFlags: 0
  m_CorrespondingSourceObject: {fileID: 0}
  m_PrefabInstance: {fileID: 0}
  m_PrefabAsset: {fileID: 0}
  serializedVersion: 6
  m_Component:
  - component: {fileID: 2247896122636032440}
  - component: {fileID: 6872850426830253316}
  m_Layer: 0
  m_Name: 2DShipsRadarTopView (1)
  m_TagString: Untagged
  m_Icon: {fileID: 0}
  m_NavMeshLayer: 0
  m_StaticEditorFlags: 0
  m_IsActive: 1
--- !u!4 &2247896122636032440
Transform:
  m_ObjectHideFlags: 0
  m_CorrespondingSourceObject: {fileID: 0}
  m_PrefabInstance: {fileID: 0}
  m_PrefabAsset: {fileID: 0}
  m_GameObject: {fileID: 7513633691078718447}
  serializedVersion: 2
  m_LocalRotation: {x: -0, y: -0, z: -0, w: 1}
  m_LocalPosition: {x: 0, y: -1.12, z: 0}
  m_LocalScale: {x: 0.3, y: 0.3, z: 0.3}
  m_ConstrainProportionsScale: 0
  m_Children: []
  m_Father: {fileID: 9101760831303936765}
  m_LocalEulerAnglesHint: {x: 0, y: 0, z: 0}
--- !u!212 &6872850426830253316
SpriteRenderer:
  m_ObjectHideFlags: 0
  m_CorrespondingSourceObject: {fileID: 0}
  m_PrefabInstance: {fileID: 0}
  m_PrefabAsset: {fileID: 0}
  m_GameObject: {fileID: 7513633691078718447}
  m_Enabled: 1
  m_CastShadows: 0
  m_ReceiveShadows: 0
  m_DynamicOccludee: 1
  m_StaticShadowCaster: 0
  m_MotionVectors: 1
  m_LightProbeUsage: 1
  m_ReflectionProbeUsage: 1
  m_RayTracingMode: 0
  m_RayTraceProcedural: 0
  m_RenderingLayerMask: 4294967295
  m_RendererPriority: 0
  m_Materials:
  - {fileID: 10754, guid: 0000000000000000f000000000000000, type: 0}
  m_StaticBatchInfo:
    firstSubMesh: 0
    subMeshCount: 0
  m_StaticBatchRoot: {fileID: 0}
  m_ProbeAnchor: {fileID: 0}
  m_LightProbeVolumeOverride: {fileID: 0}
  m_ScaleInLightmap: 1
  m_ReceiveGI: 1
  m_PreserveUVs: 0
  m_IgnoreNormalsForChartDetection: 0
  m_ImportantGI: 0
  m_StitchLightmapSeams: 0
  m_SelectedEditorRenderState: 0
  m_MinimumChartSize: 4
  m_AutoUVMaxDistance: 0.5
  m_AutoUVMaxAngle: 89
  m_LightmapParameters: {fileID: 0}
  m_SortingLayerID: 259102323
  m_SortingLayer: 0
  m_SortingOrder: 1
  m_Sprite: {fileID: 21300000, guid: ea47199b715e6c047909c1486562c340, type: 3}
  m_Color: {r: 1, g: 1, b: 1, a: 1}
  m_FlipX: 0
  m_FlipY: 0
  m_DrawMode: 0
  m_Size: {x: 3.43, y: 0.99}
  m_AdaptiveModeThreshold: 0.5
  m_SpriteTileMode: 0
  m_WasSpriteAssigned: 1
  m_MaskInteraction: 0
  m_SpriteSortPoint: 0
--- !u!1 &7553110844069502089
GameObject:
  m_ObjectHideFlags: 0
  m_CorrespondingSourceObject: {fileID: 0}
  m_PrefabInstance: {fileID: 0}
  m_PrefabAsset: {fileID: 0}
  serializedVersion: 6
  m_Component:
  - component: {fileID: 9101760831303936765}
  m_Layer: 0
  m_Name: Weapons
  m_TagString: Untagged
  m_Icon: {fileID: 0}
  m_NavMeshLayer: 0
  m_StaticEditorFlags: 0
  m_IsActive: 1
--- !u!4 &9101760831303936765
Transform:
  m_ObjectHideFlags: 0
  m_CorrespondingSourceObject: {fileID: 0}
  m_PrefabInstance: {fileID: 0}
  m_PrefabAsset: {fileID: 0}
  m_GameObject: {fileID: 7553110844069502089}
  serializedVersion: 2
  m_LocalRotation: {x: -0, y: -0, z: -0, w: 1}
  m_LocalPosition: {x: 0, y: 0, z: 0}
  m_LocalScale: {x: 1, y: 1, z: 1}
  m_ConstrainProportionsScale: 0
  m_Children:
  - {fileID: 7127250024321688064}
  - {fileID: 3286561183993213790}
  - {fileID: 8645970703445563320}
  - {fileID: 2247896122636032440}
  - {fileID: 5316238318633366884}
  m_Father: {fileID: 2906260405829512196}
  m_LocalEulerAnglesHint: {x: 0, y: 0, z: 0}
--- !u!1 &7891477127023864576
GameObject:
  m_ObjectHideFlags: 0
  m_CorrespondingSourceObject: {fileID: 0}
  m_PrefabInstance: {fileID: 0}
  m_PrefabAsset: {fileID: 0}
  serializedVersion: 6
  m_Component:
  - component: {fileID: 2906260405829512196}
  m_Layer: 0
  m_Name: 2DScifiFrigateCorsairTopViewMasterPrefab
  m_TagString: Untagged
  m_Icon: {fileID: 0}
  m_NavMeshLayer: 0
  m_StaticEditorFlags: 0
  m_IsActive: 1
--- !u!4 &2906260405829512196
Transform:
  m_ObjectHideFlags: 0
  m_CorrespondingSourceObject: {fileID: 0}
  m_PrefabInstance: {fileID: 0}
  m_PrefabAsset: {fileID: 0}
  m_GameObject: {fileID: 7891477127023864576}
  serializedVersion: 2
  m_LocalRotation: {x: 0, y: 0, z: 0, w: 1}
  m_LocalPosition: {x: 0, y: 0, z: 0}
  m_LocalScale: {x: 0.4, y: 0.4, z: 0.3}
  m_ConstrainProportionsScale: 0
  m_Children:
  - {fileID: 9086973827339016518}
  - {fileID: 5196429714866501480}
  - {fileID: 7355385884256381339}
  - {fileID: 2766141104995453451}
  - {fileID: 7130773102342765422}
  - {fileID: 4338022446624973302}
  - {fileID: 4959380811600976982}
  - {fileID: 9101760831303936765}
  m_Father: {fileID: 0}
  m_LocalEulerAnglesHint: {x: 0, y: 0, z: 0}
--- !u!1 &8269544571001879814
GameObject:
  m_ObjectHideFlags: 0
  m_CorrespondingSourceObject: {fileID: 0}
  m_PrefabInstance: {fileID: 0}
  m_PrefabAsset: {fileID: 0}
  serializedVersion: 6
  m_Component:
  - component: {fileID: 4959380811600976982}
  - component: {fileID: 1576714647434115497}
  - component: {fileID: 7380885112344700048}
  m_Layer: 0
  m_Name: 2DScifiFrigateCorsairTopViewYellow
  m_TagString: Untagged
  m_Icon: {fileID: 0}
  m_NavMeshLayer: 0
  m_StaticEditorFlags: 0
  m_IsActive: 0
--- !u!4 &4959380811600976982
Transform:
  m_ObjectHideFlags: 0
  m_CorrespondingSourceObject: {fileID: 0}
  m_PrefabInstance: {fileID: 0}
  m_PrefabAsset: {fileID: 0}
  m_GameObject: {fileID: 8269544571001879814}
  serializedVersion: 2
  m_LocalRotation: {x: -0, y: -0, z: -0, w: 1}
  m_LocalPosition: {x: 0, y: 0, z: 0}
  m_LocalScale: {x: 1, y: 1, z: 1}
  m_ConstrainProportionsScale: 0
  m_Children: []
  m_Father: {fileID: 2906260405829512196}
  m_LocalEulerAnglesHint: {x: 0, y: 0, z: 0}
--- !u!212 &1576714647434115497
SpriteRenderer:
  m_ObjectHideFlags: 0
  m_CorrespondingSourceObject: {fileID: 0}
  m_PrefabInstance: {fileID: 0}
  m_PrefabAsset: {fileID: 0}
  m_GameObject: {fileID: 8269544571001879814}
  m_Enabled: 1
  m_CastShadows: 0
  m_ReceiveShadows: 0
  m_DynamicOccludee: 1
  m_StaticShadowCaster: 0
  m_MotionVectors: 1
  m_LightProbeUsage: 1
  m_ReflectionProbeUsage: 1
  m_RayTracingMode: 0
  m_RayTraceProcedural: 0
  m_RenderingLayerMask: 4294967295
  m_RendererPriority: 0
  m_Materials:
  - {fileID: 10754, guid: 0000000000000000f000000000000000, type: 0}
  m_StaticBatchInfo:
    firstSubMesh: 0
    subMeshCount: 0
  m_StaticBatchRoot: {fileID: 0}
  m_ProbeAnchor: {fileID: 0}
  m_LightProbeVolumeOverride: {fileID: 0}
  m_ScaleInLightmap: 1
  m_ReceiveGI: 1
  m_PreserveUVs: 0
  m_IgnoreNormalsForChartDetection: 0
  m_ImportantGI: 0
  m_StitchLightmapSeams: 0
  m_SelectedEditorRenderState: 0
  m_MinimumChartSize: 4
  m_AutoUVMaxDistance: 0.5
  m_AutoUVMaxAngle: 89
  m_LightmapParameters: {fileID: 0}
  m_SortingLayerID: -103832621
  m_SortingLayer: 0
  m_SortingOrder: 1
  m_Sprite: {fileID: 21300002, guid: 8cb507e2be1846b40ad81e95cef5a76c, type: 3}
  m_Color: {r: 1, g: 1, b: 1, a: 1}
  m_FlipX: 0
  m_FlipY: 0
  m_DrawMode: 0
  m_Size: {x: 6.57, y: 11.34}
  m_AdaptiveModeThreshold: 0.5
  m_SpriteTileMode: 0
  m_WasSpriteAssigned: 1
  m_MaskInteraction: 0
  m_SpriteSortPoint: 0
--- !u!60 &7380885112344700048
PolygonCollider2D:
  m_ObjectHideFlags: 0
  m_CorrespondingSourceObject: {fileID: 0}
  m_PrefabInstance: {fileID: 0}
  m_PrefabAsset: {fileID: 0}
  m_GameObject: {fileID: 8269544571001879814}
  m_Enabled: 1
  m_Density: 1
  m_Material: {fileID: 0}
  m_IncludeLayers:
    serializedVersion: 2
    m_Bits: 0
  m_ExcludeLayers:
    serializedVersion: 2
    m_Bits: 0
  m_LayerOverridePriority: 0
  m_ForceSendLayers:
    serializedVersion: 2
    m_Bits: 4294967295
  m_ForceReceiveLayers:
    serializedVersion: 2
    m_Bits: 4294967295
  m_ContactCaptureLayers:
    serializedVersion: 2
    m_Bits: 4294967295
  m_CallbackLayers:
    serializedVersion: 2
    m_Bits: 4294967295
  m_IsTrigger: 0
  m_UsedByEffector: 0
  m_UsedByComposite: 0
  m_Offset: {x: 0, y: 0}
  m_SpriteTilingProperty:
    border: {x: 0, y: 0, z: 0, w: 0}
    pivot: {x: 0.5, y: 0.5}
    oldSize: {x: 6.57, y: 11.34}
    newSize: {x: 6.57, y: 11.34}
    adaptiveTilingThreshold: 0.5
    drawMode: 0
    adaptiveTiling: 0
  m_AutoTiling: 0
  m_Points:
    m_Paths:
    - - {x: -1.415, y: -5.38}
      - {x: -1.4449999, y: -5.42}
      - {x: -1.4449999, y: -5.67}
      - {x: -0.955, y: -5.67}
      - {x: -0.935, y: -5.58}
      - {x: -0.905, y: -5.3599997}
      - {x: -0.905, y: -4.87}
      - {x: -0.84499997, y: -4.8199997}
      - {x: -0.835, y: -4.7}
      - {x: -0.295, y: -4.68}
      - {x: -0.295, y: -4.92}
      - {x: -0.21499999, y: -5.06}
      - {x: -0.16499999, y: -5.1099997}
      - {x: 0.185, y: -5.12}
      - {x: 0.305, y: -4.93}
      - {x: 0.295, y: -4.67}
      - {x: 0.875, y: -4.67}
      - {x: 0.85499996, y: -4.69}
      - {x: 0.85499996, y: -4.8199997}
      - {x: 0.91499996, y: -4.89}
      - {x: 0.905, y: -5.3199997}
      - {x: 0.92499995, y: -5.5499997}
      - {x: 0.945, y: -5.65}
      - {x: 0.965, y: -5.67}
      - {x: 1.4549999, y: -5.67}
      - {x: 1.4549999, y: -5.42}
      - {x: 1.685, y: -5.3399997}
      - {x: 1.5949999, y: -5.44}
      - {x: 1.5949999, y: -5.67}
      - {x: 2.225, y: -5.67}
      - {x: 2.2649999, y: -5.49}
      - {x: 2.2649999, y: -5.23}
      - {x: 2.2949998, y: -5.22}
      - {x: 2.315, y: -5.2}
      - {x: 2.325, y: -5.0899997}
      - {x: 2.2749999, y: -5.0699997}
      - {x: 2.315, y: -4.92}
      - {x: 2.325, y: -4.7999997}
      - {x: 2.2749999, y: -4.7799997}
      - {x: 2.315, y: -4.64}
      - {x: 2.325, y: -4.52}
      - {x: 2.455, y: -4.47}
      - {x: 2.495, y: -4.44}
      - {x: 2.485, y: -4.06}
      - {x: 2.375, y: -4.0299997}
      - {x: 2.325, y: -3.9599998}
      - {x: 2.2749999, y: -3.9399998}
      - {x: 2.2649999, y: -3.6999998}
      - {x: 2.2549999, y: -3.61}
      - {x: 2.185, y: -3.37}
      - {x: 2.0149999, y: -2.69}
      - {x: 2.455, y: -2.69}
      - {x: 2.475, y: -2.6699998}
      - {x: 2.5349998, y: -2.59}
      - {x: 2.5449998, y: -2.32}
      - {x: 2.585, y: -2.29}
      - {x: 2.595, y: -2.26}
      - {x: 2.605, y: -2.12}
      - {x: 3.2849998, y: -1.9399999}
      - {x: 3.2849998, y: -0.98999995}
      - {x: 3.2549999, y: -0.97999996}
      - {x: 2.595, y: -0.81}
      - {x: 2.595, y: -0.39}
      - {x: 2.5549998, y: -0.35}
      - {x: 2.435, y: -0.24}
      - {x: 1.8549999, y: 0.25}
      - {x: 1.8249999, y: 0.38}
      - {x: 1.9449999, y: 0.38}
      - {x: 1.9649999, y: 0.39999998}
      - {x: 2.0049999, y: 0.55}
      - {x: 2.085, y: 0.65999997}
      - {x: 2.065, y: 0.79999995}
      - {x: 2.065, y: 0.95}
      - {x: 2.055, y: 1.03}
      - {x: 1.9749999, y: 1.06}
      - {x: 1.9649999, y: 1.23}
      - {x: 1.9449999, y: 1.25}
      - {x: 1.8249999, y: 1.25}
      - {x: 1.8249999, y: 1.43}
      - {x: 1.795, y: 1.5}
      - {x: 1.7049999, y: 1.7199999}
      - {x: 1.475, y: 2.25}
      - {x: 1.385, y: 2.48}
      - {x: 1.225, y: 2.84}
      - {x: 0.955, y: 2.84}
      - {x: 0.935, y: 2.87}
      - {x: 0.92499995, y: 3.25}
      - {x: 0.875, y: 3.86}
      - {x: 0.98499995, y: 3.8999999}
      - {x: 1.0849999, y: 3.9399998}
      - {x: 1.0749999, y: 4.19}
      - {x: 1.055, y: 4.29}
      - {x: 1.035, y: 4.31}
      - {x: 0.84499997, y: 4.31}
      - {x: 0.84499997, y: 4.52}
      - {x: 0.815, y: 4.89}
      - {x: 0.765, y: 5.42}
      - {x: 0.72499996, y: 5.67}
      - {x: -0.715, y: 5.67}
      - {x: -0.72499996, y: 5.62}
      - {x: -0.78499997, y: 5.1}
      - {x: -0.815, y: 4.83}
      - {x: -0.835, y: 4.54}
      - {x: -0.85499996, y: 4.31}
      - {x: -1.025, y: 4.31}
      - {x: -1.045, y: 4.29}
      - {x: -1.055, y: 4.22}
      - {x: -1.0649999, y: 3.9399998}
      - {x: -1.045, y: 3.9099998}
      - {x: -0.91499996, y: 3.87}
      - {x: -0.865, y: 3.86}
      - {x: -0.895, y: 3.6499999}
      - {x: -0.905, y: 3.26}
      - {x: -0.91499996, y: 3.1299999}
      - {x: -0.92499995, y: 2.86}
      - {x: -1.2049999, y: 2.84}
      - {x: -1.225, y: 2.82}
      - {x: -1.275, y: 2.71}
      - {x: -1.765, y: 1.56}
      - {x: -1.8149999, y: 1.43}
      - {x: -1.9549999, y: 1.23}
      - {x: -2.0049999, y: 1.06}
      - {x: -2.075, y: 0.96}
      - {x: -2.065, y: 0.77}
      - {x: -2.055, y: 0.66999996}
      - {x: -2.0349998, y: 0.59}
      - {x: -1.9649999, y: 0.55}
      - {x: -1.9549999, y: 0.39999998}
      - {x: -1.935, y: 0.38}
      - {x: -1.8449999, y: 0.25}
      - {x: -2.5149999, y: -0.31}
      - {x: -2.595, y: -0.39999998}
      - {x: -2.595, y: -0.82}
      - {x: -3.0049999, y: -0.91999996}
      - {x: -3.2849998, y: -0.98999995}
      - {x: -3.2849998, y: -1.9399999}
      - {x: -3.2749999, y: -1.9399999}
      - {x: -2.595, y: -2.11}
      - {x: -2.595, y: -2.26}
      - {x: -2.575, y: -2.28}
      - {x: -2.5349998, y: -2.33}
      - {x: -2.5449998, y: -2.59}
      - {x: -2.475, y: -2.69}
      - {x: -2.0149999, y: -2.69}
      - {x: -2.195, y: -3.4299998}
      - {x: -2.315, y: -3.9399998}
      - {x: -2.465, y: -4.0499997}
      - {x: -2.475, y: -4.0899997}
      - {x: -2.475, y: -4.43}
      - {x: -2.445, y: -4.46}
      - {x: -2.315, y: -4.5299997}
      - {x: -2.325, y: -4.65}
      - {x: -2.2749999, y: -4.67}
      - {x: -2.315, y: -4.81}
      - {x: -2.325, y: -4.93}
      - {x: -2.2849998, y: -4.96}
      - {x: -2.335, y: -5.22}
      - {x: -2.2749999, y: -5.23}
      - {x: -2.2649999, y: -5.3199997}
      - {x: -2.235, y: -5.58}
      - {x: -2.215, y: -5.67}
      - {x: -1.5949999, y: -5.67}
      - {x: -1.5949999, y: -5.43}
      - {x: -1.675, y: -5.3399997}
      - {x: -1.365, y: -5.3399997}
    - - {x: -0.895, y: -3.26}
      - {x: -0.91499996, y: -3.06}
      - {x: -0.97499996, y: -2.71}
      - {x: -1.045, y: -2.37}
      - {x: -1.0749999, y: -2.35}
      - {x: -1.305, y: -2.35}
      - {x: -1.295, y: -2}
      - {x: -1.245, y: -1.9599999}
      - {x: -1.245, y: -0.41}
      - {x: -1.105, y: -0.32999998}
      - {x: -0.935, y: -0.22}
      - {x: -0.935, y: -0.45}
      - {x: -0.875, y: -1.0699999}
      - {x: -0.85499996, y: -1.4399999}
      - {x: -0.835, y: -1.7099999}
      - {x: -0.875, y: -2.02}
      - {x: -0.885, y: -2.05}
      - {x: -0.885, y: -2.9399998}
      - {x: -0.815, y: -3.02}
      - {x: -0.815, y: -3.32}
      - {x: -0.765, y: -3.6399999}
      - {x: -0.73499995, y: -3.81}
      - {x: -0.895, y: -3.81}
    - - {x: 0.765, y: -3.75}
      - {x: 0.805, y: -3.5}
      - {x: 0.825, y: -3.3}
      - {x: 0.895, y: -2.9299998}
      - {x: 0.895, y: -2.05}
      - {x: 0.825, y: -1.9599999}
      - {x: 0.835, y: -1.5999999}
      - {x: 0.885, y: -1.05}
      - {x: 0.935, y: -0.42}
      - {x: 0.935, y: -0.22}
      - {x: 1.035, y: -0.28}
      - {x: 1.175, y: -0.37}
      - {x: 1.245, y: -0.39999998}
      - {x: 1.245, y: -1.9499999}
      - {x: 1.285, y: -1.99}
      - {x: 1.3149999, y: -2}
      - {x: 1.3149999, y: -2.35}
      - {x: 1.0749999, y: -2.35}
      - {x: 1.045, y: -2.37}
      - {x: 0.92499995, y: -3.11}
      - {x: 0.905, y: -3.25}
      - {x: 0.905, y: -3.81}
      - {x: 0.73499995, y: -3.81}
  m_UseDelaunayMesh: 0
--- !u!1 &8944470651460624268
GameObject:
  m_ObjectHideFlags: 0
  m_CorrespondingSourceObject: {fileID: 0}
  m_PrefabInstance: {fileID: 0}
  m_PrefabAsset: {fileID: 0}
  serializedVersion: 6
  m_Component:
  - component: {fileID: 3286561183993213790}
  - component: {fileID: 1545261957906098509}
  m_Layer: 0
  m_Name: 2DShipsTurretMediumTopView (2)
  m_TagString: Untagged
  m_Icon: {fileID: 0}
  m_NavMeshLayer: 0
  m_StaticEditorFlags: 0
  m_IsActive: 1
--- !u!4 &3286561183993213790
Transform:
  m_ObjectHideFlags: 0
  m_CorrespondingSourceObject: {fileID: 0}
  m_PrefabInstance: {fileID: 0}
  m_PrefabAsset: {fileID: 0}
  m_GameObject: {fileID: 8944470651460624268}
  serializedVersion: 2
  m_LocalRotation: {x: -0, y: -0, z: -0, w: 1}
  m_LocalPosition: {x: -2.05, y: -1.17, z: 0}
  m_LocalScale: {x: 0.5, y: 0.5, z: 0.5}
  m_ConstrainProportionsScale: 0
  m_Children: []
  m_Father: {fileID: 9101760831303936765}
  m_LocalEulerAnglesHint: {x: 0, y: 0, z: 0}
--- !u!212 &1545261957906098509
SpriteRenderer:
  m_ObjectHideFlags: 0
  m_CorrespondingSourceObject: {fileID: 0}
  m_PrefabInstance: {fileID: 0}
  m_PrefabAsset: {fileID: 0}
  m_GameObject: {fileID: 8944470651460624268}
  m_Enabled: 1
  m_CastShadows: 0
  m_ReceiveShadows: 0
  m_DynamicOccludee: 1
  m_StaticShadowCaster: 0
  m_MotionVectors: 1
  m_LightProbeUsage: 1
  m_ReflectionProbeUsage: 1
  m_RayTracingMode: 0
  m_RayTraceProcedural: 0
  m_RenderingLayerMask: 4294967295
  m_RendererPriority: 0
  m_Materials:
  - {fileID: 10754, guid: 0000000000000000f000000000000000, type: 0}
  m_StaticBatchInfo:
    firstSubMesh: 0
    subMeshCount: 0
  m_StaticBatchRoot: {fileID: 0}
  m_ProbeAnchor: {fileID: 0}
  m_LightProbeVolumeOverride: {fileID: 0}
  m_ScaleInLightmap: 1
  m_ReceiveGI: 1
  m_PreserveUVs: 0
  m_IgnoreNormalsForChartDetection: 0
  m_ImportantGI: 0
  m_StitchLightmapSeams: 0
  m_SelectedEditorRenderState: 0
  m_MinimumChartSize: 4
  m_AutoUVMaxDistance: 0.5
  m_AutoUVMaxAngle: 89
  m_LightmapParameters: {fileID: 0}
  m_SortingLayerID: 259102323
  m_SortingLayer: 0
  m_SortingOrder: 1
  m_Sprite: {fileID: 21300008, guid: ea47199b715e6c047909c1486562c340, type: 3}
  m_Color: {r: 1, g: 1, b: 1, a: 1}
  m_FlipX: 0
  m_FlipY: 0
  m_DrawMode: 0
  m_Size: {x: 1.33, y: 3}
  m_AdaptiveModeThreshold: 0.5
  m_SpriteTileMode: 0
  m_WasSpriteAssigned: 1
  m_MaskInteraction: 0
  m_SpriteSortPoint: 0
